timestamp,left (real time),event,event_type,buy_pick,buy_price,buy_size,buy_best_bid,buy_best_ask
2026-01-13 13:28:48,70,"Bitcoin Up or Down - January 13, 12:15AM-12:30AM ET",price_change,UP,0.87,418,0.999,1
2026-01-13 13:28:50,69,"Bitcoin Up or Down - January 13, 12:15AM-12:30AM ET",price_change,UP,0.87,418,0.999,1
2026-01-13 13:28:51,68,"Bitcoin Up or Down - January 13, 12:15AM-12:30AM ET",price_change,UP,0.87,418,0.999,1
2026-01-13 13:28:52,67,"Bitcoin Up or Down - January 13, 12:15AM-12:30AM ET",price_change,UP,0.87,418,0.999,1
2026-01-13 13:28:53,66,"Bitcoin Up or Down - January 13, 12:15AM-12:30AM ET",price_change,UP,0.87,418,0.999,1
2026-01-13 13:28:54,65,"Bitcoin Up or Down - January 13, 12:15AM-12:30AM ET",price_change,UP,0.87,418,0.999,1
2026-01-13 13:28:55,64,"Bitcoin Up or Down - January 13, 12:15AM-12:30AM ET",price_change,UP,0.87,418,0.999,1
2026-01-13 13:28:56,63,"Bitcoin Up or Down - January 13, 12:15AM-12:30AM ET",price_change,UP,0.93,580.33,0.999,1
2026-01-13 13:28:58,60,"Bitcoin Up or Down - January 13, 12:15AM-12:30AM ET",price_change,UP,0.87,418,0.999,1
2026-01-13 13:28:59,59,"Bitcoin Up or Down - January 13, 12:15AM-12:30AM ET",price_change,UP,0.9,1146.25,0.999,1
2026-01-13 13:29:01,58,"Bitcoin Up or Down - January 13, 12:15AM-12:30AM ET",price_change,UP,0.15,400.19,0.999,1
2026-01-13 13:29:02,57,"Bitcoin Up or Down - January 13, 12:15AM-12:30AM ET",price_change,UP,0.87,418,0.999,1
2026-01-13 13:29:03,56,"Bitcoin Up or Down - January 13, 12:15AM-12:30AM ET",price_change,UP,0.99,24153.03,0.999,1
2026-01-13 13:29:04,55,"Bitcoin Up or Down - January 13, 12:15AM-12:30AM ET",price_change,UP,0.87,418,0.999,1
2026-01-13 13:29:05,54,"Bitcoin Up or Down - January 13, 12:15AM-12:30AM ET",price_change,UP,0.87,418,0.999,1
2026-01-13 13:29:06,53,"Bitcoin Up or Down - January 13, 12:15AM-12:30AM ET",price_change,UP,0.87,418,0.999,1
2026-01-13 13:29:07,52,"Bitcoin Up or Down - January 13, 12:15AM-12:30AM ET",price_change,UP,0.87,418,0.999,1
2026-01-13 13:29:08,51,"Bitcoin Up or Down - January 13, 12:15AM-12:30AM ET",price_change,UP,0.87,418,0.999,1
2026-01-13 13:29:09,50,"Bitcoin Up or Down - January 13, 12:15AM-12:30AM ET",price_change,UP,0.87,418,0.999,1
2026-01-13 13:29:10,48,"Bitcoin Up or Down - January 13, 12:15AM-12:30AM ET",price_change,UP,0.87,418,0.999,1
2026-01-13 13:29:12,47,"Bitcoin Up or Down - January 13, 12:15AM-12:30AM ET",price_change,UP,0.87,418,0.999,1
2026-01-13 13:29:13,46,"Bitcoin Up or Down - January 13, 12:15AM-12:30AM ET",price_change,UP,0.99,24403.03,0.999,1
2026-01-13 13:29:14,45,"Bitcoin Up or Down - January 13, 12:15AM-12:30AM ET",price_change,UP,0.87,418,0.999,1
2026-01-13 13:29:15,44,"Bitcoin Up or Down - January 13, 12:15AM-12:30AM ET",price_change,UP,0.87,418,0.999,1
2026-01-13 13:29:16,43,"Bitcoin Up or Down - January 13, 12:15AM-12:30AM ET",price_change,UP,0.87,418,0.999,1
2026-01-13 13:29:17,42,"Bitcoin Up or Down - January 13, 12:15AM-12:30AM ET",price_change,UP,0.87,418,0.999,1
2026-01-13 13:29:18,41,"Bitcoin Up or Down - January 13, 12:15AM-12:30AM ET",price_change,UP,0.87,418,0.999,1
2026-01-13 13:29:19,40,"Bitcoin Up or Down - January 13, 12:15AM-12:30AM ET",price_change,UP,0.87,418,0.999,1
2026-01-13 13:29:20,39,"Bitcoin Up or Down - January 13, 12:15AM-12:30AM ET",price_change,UP,0.87,418,0.999,1
2026-01-13 13:29:21,37,"Bitcoin Up or Down - January 13, 12:15AM-12:30AM ET",price_change,UP,0.87,418,0.999,1
2026-01-13 13:29:23,36,"Bitcoin Up or Down - January 13, 12:15AM-12:30AM ET",price_change,UP,0.87,418,0.999,1
2026-01-13 13:29:24,35,"Bitcoin Up or Down - January 13, 12:15AM-12:30AM ET",price_change,UP,0.87,418,0.999,1
2026-01-13 13:29:25,34,"Bitcoin Up or Down - January 13, 12:15AM-12:30AM ET",price_change,UP,0.87,418,0.999,1
2026-01-13 13:29:26,33,"Bitcoin Up or Down - January 13, 12:15AM-12:30AM ET",price_change,UP,0.87,418,0.999,1
2026-01-13 13:29:27,32,"Bitcoin Up or Down - January 13, 12:15AM-12:30AM ET",price_change,UP,0.87,418,0.999,1
2026-01-13 13:29:28,31,"Bitcoin Up or Down - January 13, 12:15AM-12:30AM ET",price_change,UP,0.87,418,0.999,1
2026-01-13 13:29:29,30,"Bitcoin Up or Down - January 13, 12:15AM-12:30AM ET",price_change,UP,0.87,418,0.999,1
2026-01-13 13:29:30,29,"Bitcoin Up or Down - January 13, 12:15AM-12:30AM ET",price_change,UP,0.99,24721.05,0.999,1
2026-01-13 13:29:31,28,"Bitcoin Up or Down - January 13, 12:15AM-12:30AM ET",price_change,UP,0.87,395,0.999,1
2026-01-13 13:29:32,26,"Bitcoin Up or Down - January 13, 12:15AM-12:30AM ET",price_change,UP,0.96,2800.02,0.999,1
2026-01-13 13:29:34,25,"Bitcoin Up or Down - January 13, 12:15AM-12:30AM ET",price_change,UP,0.87,395,0.999,1
2026-01-13 13:29:35,24,"Bitcoin Up or Down - January 13, 12:15AM-12:30AM ET",price_change,UP,0.87,395,0.999,1
2026-01-13 13:29:36,23,"Bitcoin Up or Down - January 13, 12:15AM-12:30AM ET",price_change,UP,0.98,1918.45,0.999,1
2026-01-13 13:29:37,22,"Bitcoin Up or Down - January 13, 12:15AM-12:30AM ET",price_change,UP,0.87,395,0.999,1
2026-01-13 13:29:38,21,"Bitcoin Up or Down - January 13, 12:15AM-12:30AM ET",price_change,UP,0.93,567.33,0.999,1
2026-01-13 13:29:39,20,"Bitcoin Up or Down - January 13, 12:15AM-12:30AM ET",price_change,UP,0.87,395,0.999,1
2026-01-13 13:29:40,19,"Bitcoin Up or Down - January 13, 12:15AM-12:30AM ET",price_change,UP,0.87,395,0.999,1
2026-01-13 13:29:41,18,"Bitcoin Up or Down - January 13, 12:15AM-12:30AM ET",price_change,UP,0.87,395,0.999,1
2026-01-13 13:29:42,17,"Bitcoin Up or Down - January 13, 12:15AM-12:30AM ET",price_change,UP,0.87,395,0.999,1
2026-01-13 13:29:43,15,"Bitcoin Up or Down - January 13, 12:15AM-12:30AM ET",price_change,UP,0.87,395,0.999,1
2026-01-13 13:29:45,14,"Bitcoin Up or Down - January 13, 12:15AM-12:30AM ET",price_change,UP,0.87,395,0.999,1
2026-01-13 13:29:46,13,"Bitcoin Up or Down - January 13, 12:15AM-12:30AM ET",price_change,UP,0.87,395,0.999,1
2026-01-13 13:29:47,12,"Bitcoin Up or Down - January 13, 12:15AM-12:30AM ET",price_change,UP,0.999,22059.1,0.999,1
2026-01-13 13:29:48,11,"Bitcoin Up or Down - January 13, 12:15AM-12:30AM ET",price_change,UP,0.87,395,0.999,1
2026-01-13 13:29:49,10,"Bitcoin Up or Down - January 13, 12:15AM-12:30AM ET",price_change,UP,0.87,395,0.999,1
2026-01-13 13:29:50,9,"Bitcoin Up or Down - January 13, 12:15AM-12:30AM ET",price_change,UP,0.21,380,0.999,1
2026-01-13 13:29:51,8,"Bitcoin Up or Down - January 13, 12:15AM-12:30AM ET",price_change,UP,0.999,29134.1,0.999,1
2026-01-13 13:29:52,7,"Bitcoin Up or Down - January 13, 12:15AM-12:30AM ET",price_change,UP,0.93,169.33,0.999,1
2026-01-13 13:29:53,6,"Bitcoin Up or Down - January 13, 12:15AM-12:30AM ET",price_change,UP,0.999,29194.1,0.999,1
2026-01-13 13:29:54,4,"Bitcoin Up or Down - January 13, 12:15AM-12:30AM ET",price_change,UP,0.99,33270.69,0.999,1
2026-01-13 13:29:56,3,"Bitcoin Up or Down - January 13, 12:15AM-12:30AM ET",price_change,UP,0.89,174,0.999,1
2026-01-13 13:29:57,2,"Bitcoin Up or Down - January 13, 12:15AM-12:30AM ET",price_change,UP,0.87,15,0.999,1
2026-01-13 13:29:58,1,"Bitcoin Up or Down - January 13, 12:15AM-12:30AM ET",price_change,UP,0.87,15,0.999,1
2026-01-13 13:29:59,0,"Bitcoin Up or Down - January 13, 12:15AM-12:30AM ET",price_change,UP,0.49,0,0.999,1
2026-01-13 13:30:41,858,"Bitcoin Up or Down - January 13, 12:30AM-12:45AM ET",price_change,DOWN,0.34,392,0.6,0.61
2026-01-13 13:30:42,857,"Bitcoin Up or Down - January 13, 12:30AM-12:45AM ET",price_change,UP,0.38,1849.57,0.38,0.39
2026-01-13 13:30:43,856,"Bitcoin Up or Down - January 13, 12:30AM-12:45AM ET",price_change,UP,0.26,543,0.39,0.4
2026-01-13 13:30:44,855,"Bitcoin Up or Down - January 13, 12:30AM-12:45AM ET",price_change,DOWN,0.55,1714,0.6,0.61
2026-01-13 13:30:45,854,"Bitcoin Up or Down - January 13, 12:30AM-12:45AM ET",price_change,DOWN,0.6,177.87,0.6,0.61
2026-01-13 13:30:46,853,"Bitcoin Up or Down - January 13, 12:30AM-12:45AM ET",price_change,UP,0.38,1.71,0.38,0.4
2026-01-13 13:30:47,852,"Bitcoin Up or Down - January 13, 12:30AM-12:45AM ET",price_change,DOWN,0.52,696.1,0.65,0.66
2026-01-13 13:30:48,851,"Bitcoin Up or Down - January 13, 12:30AM-12:45AM ET",price_change,DOWN,0.61,1066.78,0.62,0.63
2026-01-13 13:30:49,850,"Bitcoin Up or Down - January 13, 12:30AM-12:45AM ET",price_change,DOWN,0.56,661.63,0.63,0.64
2026-01-13 13:30:50,849,"Bitcoin Up or Down - January 13, 12:30AM-12:45AM ET",price_change,UP,0.36,28.5,0.36,0.37
2026-01-13 13:30:52,847,"Bitcoin Up or Down - January 13, 12:30AM-12:45AM ET",price_change,UP,0.35,473.59,0.36,0.37
2026-01-13 13:30:53,846,"Bitcoin Up or Down - January 13, 12:30AM-12:45AM ET",price_change,DOWN,0.4,948.79,0.63,0.64
2026-01-13 13:30:54,845,"Bitcoin Up or Down - January 13, 12:30AM-12:45AM ET",price_change,DOWN,0.62,1977.45,0.63,0.64
2026-01-13 13:30:55,844,"Bitcoin Up or Down - January 13, 12:30AM-12:45AM ET",price_change,DOWN,0.61,1203.78,0.63,0.64
2026-01-13 13:30:56,843,"Bitcoin Up or Down - January 13, 12:30AM-12:45AM ET",price_change,DOWN,0.63,1417.69,0.63,0.64
2026-01-13 13:30:57,842,"Bitcoin Up or Down - January 13, 12:30AM-12:45AM ET",price_change,DOWN,0.61,1514.57,0.63,0.64
2026-01-13 13:30:58,841,"Bitcoin Up or Down - January 13, 12:30AM-12:45AM ET",price_change,UP,0.34,1380.16,0.36,0.37
2026-01-13 13:30:59,840,"Bitcoin Up or Down - January 13, 12:30AM-12:45AM ET",price_change,DOWN,0.52,653.1,0.63,0.64
2026-01-13 13:31:00,839,"Bitcoin Up or Down - January 13, 12:30AM-12:45AM ET",price_change,UP,0.36,1568.86,0.37,0.38
2026-01-13 13:31:01,838,"Bitcoin Up or Down - January 13, 12:30AM-12:45AM ET",price_change,DOWN,0.1,2713,0.62,0.63
2026-01-13 13:31:04,835,"Bitcoin Up or Down - January 13, 12:30AM-12:45AM ET",price_change,UP,0.4,17.55,0.4,0.41
2026-01-13 13:31:06,833,"Bitcoin Up or Down - January 13, 12:30AM-12:45AM ET",price_change,DOWN,0.55,1693,0.6,0.61
2026-01-13 13:31:07,832,"Bitcoin Up or Down - January 13, 12:30AM-12:45AM ET",price_change,UP,0.35,898.9,0.38,0.39
2026-01-13 13:31:08,831,"Bitcoin Up or Down - January 13, 12:30AM-12:45AM ET",price_change,UP,0.36,7.17,0.36,0.39
2026-01-13 13:31:09,830,"Bitcoin Up or Down - January 13, 12:30AM-12:45AM ET",price_change,UP,0.34,79.96,0.34,0.35
2026-01-13 13:31:11,828,"Bitcoin Up or Down - January 13, 12:30AM-12:45AM ET",price_change,DOWN,0.65,1612,0.66,0.67
2026-01-13 13:31:12,827,"Bitcoin Up or Down - January 13, 12:30AM-12:45AM ET",price_change,DOWN,0.59,703,0.66,0.67
2026-01-13 13:31:13,826,"Bitcoin Up or Down - January 13, 12:30AM-12:45AM ET",price_change,DOWN,0.6,1001,0.66,0.67
2026-01-13 13:31:14,825,"Bitcoin Up or Down - January 13, 12:30AM-12:45AM ET",price_change,DOWN,0.53,646,0.66,0.67
2026-01-13 13:31:15,824,"Bitcoin Up or Down - January 13, 12:30AM-12:45AM ET",price_change,UP,0.31,115,0.31,0.32
2026-01-13 13:31:16,823,"Bitcoin Up or Down - January 13, 12:30AM-12:45AM ET",price_change,DOWN,0.55,638,0.67,0.68
2026-01-13 13:31:17,822,"Bitcoin Up or Down - January 13, 12:30AM-12:45AM ET",price_change,DOWN,0.64,1927.58,0.67,0.69
2026-01-13 13:31:18,821,"Bitcoin Up or Down - January 13, 12:30AM-12:45AM ET",price_change,UP,0.31,589.19,0.31,0.32
2026-01-13 13:31:19,820,"Bitcoin Up or Down - January 13, 12:30AM-12:45AM ET",price_change,UP,0.15,147,0.31,0.32
2026-01-13 13:31:20,819,"Bitcoin Up or Down - January 13, 12:30AM-12:45AM ET",price_change,DOWN,0.69,1093.5,0.69,0.7
2026-01-13 13:31:21,818,"Bitcoin Up or Down - January 13, 12:30AM-12:45AM ET",price_change,UP,0.3,195.78,0.3,0.31
2026-01-13 13:31:22,817,"Bitcoin Up or Down - January 13, 12:30AM-12:45AM ET",price_change,DOWN,0.55,753,0.69,0.7
2026-01-13 13:31:23,816,"Bitcoin Up or Down - January 13, 12:30AM-12:45AM ET",price_change,UP,0.26,798.82,0.29,0.3
2026-01-13 13:31:24,815,"Bitcoin Up or Down - January 13, 12:30AM-12:45AM ET",price_change,UP,0.24,526.5,0.29,0.3
2026-01-13 13:31:25,814,"Bitcoin Up or Down - January 13, 12:30AM-12:45AM ET",price_change,DOWN,0.7,229.14,0.7,0.71
2026-01-13 13:31:26,812,"Bitcoin Up or Down - January 13, 12:30AM-12:45AM ET",price_change,DOWN,0.71,820.29,0.71,0.72
2026-01-13 13:31:27,811,"Bitcoin Up or Down - January 13, 12:30AM-12:45AM ET",price_change,DOWN,0.7,471.36,0.7,0.71
2026-01-13 13:31:28,810,"Bitcoin Up or Down - January 13, 12:30AM-12:45AM ET",price_change,DOWN,0.18,5,0.7,0.72
2026-01-13 13:31:29,809,"Bitcoin Up or Down - January 13, 12:30AM-12:45AM ET",price_change,UP,0.28,778.12,0.28,0.29
2026-01-13 13:31:31,808,"Bitcoin Up or Down - January 13, 12:30AM-12:45AM ET",price_change,UP,0.27,1067.92,0.28,0.29
2026-01-13 13:31:32,807,"Bitcoin Up or Down - January 13, 12:30AM-12:45AM ET",price_change,UP,0.24,734,0.28,0.29
2026-01-13 13:31:33,806,"Bitcoin Up or Down - January 13, 12:30AM-12:45AM ET",price_change,DOWN,0.74,125.26,0.74,0.75
2026-01-13 13:31:34,805,"Bitcoin Up or Down - January 13, 12:30AM-12:45AM ET",price_change,DOWN,0.71,1856.58,0.74,0.75
2026-01-13 13:31:35,804,"Bitcoin Up or Down - January 13, 12:30AM-12:45AM ET",price_change,DOWN,0.65,763,0.74,0.75
2026-01-13 13:31:37,802,"Bitcoin Up or Down - January 13, 12:30AM-12:45AM ET",price_change,DOWN,0.74,833.11,0.74,0.75
2026-01-13 13:31:38,801,"Bitcoin Up or Down - January 13, 12:30AM-12:45AM ET",price_change,DOWN,0.74,886.53,0.74,0.75
2026-01-13 13:31:39,800,"Bitcoin Up or Down - January 13, 12:30AM-12:45AM ET",price_change,UP,0.23,801,0.25,0.26
2026-01-13 13:31:40,799,"Bitcoin Up or Down - January 13, 12:30AM-12:45AM ET",price_change,DOWN,0.74,369.3,0.75,0.76
2026-01-13 13:31:41,798,"Bitcoin Up or Down - January 13, 12:30AM-12:45AM ET",price_change,DOWN,0.75,1213.39,0.75,0.76
2026-01-13 13:31:43,796,"Bitcoin Up or Down - January 13, 12:30AM-12:45AM ET",price_change,DOWN,0.77,1746.38,0.77,0.78
2026-01-13 13:31:44,795,"Bitcoin Up or Down - January 13, 12:30AM-12:45AM ET",price_change,DOWN,0.66,756,0.78,0.79
2026-01-13 13:31:45,794,"Bitcoin Up or Down - January 13, 12:30AM-12:45AM ET",price_change,UP,0.18,766,0.2,0.21
2026-01-13 13:31:47,792,"Bitcoin Up or Down - January 13, 12:30AM-12:45AM ET",price_change,UP,0.2,772.75,0.2,0.21
2026-01-13 13:31:49,790,"Bitcoin Up or Down - January 13, 12:30AM-12:45AM ET",price_change,UP,0.2,1909.6,0.21,0.22
2026-01-13 13:31:51,788,"Bitcoin Up or Down - January 13, 12:30AM-12:45AM ET",price_change,UP,0.2,670.1,0.21,0.22
2026-01-13 13:31:52,787,"Bitcoin Up or Down - January 13, 12:30AM-12:45AM ET",price_change,DOWN,0.75,1741,0.79,0.8
2026-01-13 13:31:53,786,"Bitcoin Up or Down - January 13, 12:30AM-12:45AM ET",price_change,UP,0.2,154.89,0.2,0.21
2026-01-13 13:31:54,785,"Bitcoin Up or Down - January 13, 12:30AM-12:45AM ET",price_change,DOWN,0.8,1341.5,0.8,0.81
2026-01-13 13:31:55,784,"Bitcoin Up or Down - January 13, 12:30AM-12:45AM ET",price_change,DOWN,0.79,1191.95,0.8,0.81
2026-01-13 13:31:57,782,"Bitcoin Up or Down - January 13, 12:30AM-12:45AM ET",price_change,DOWN,0.77,1787.89,0.79,0.8
2026-01-13 13:31:58,781,"Bitcoin Up or Down - January 13, 12:30AM-12:45AM ET",price_change,DOWN,0.66,737.9,0.79,0.8
2026-01-13 13:31:59,780,"Bitcoin Up or Down - January 13, 12:30AM-12:45AM ET",price_change,DOWN,0.79,992.16,0.8,0.81
2026-01-13 13:32:01,778,"Bitcoin Up or Down - January 13, 12:30AM-12:45AM ET",price_change,DOWN,0.78,2065.6,0.81,0.82
2026-01-13 13:32:03,776,"Bitcoin Up or Down - January 13, 12:30AM-12:45AM ET",price_change,DOWN,0.8,1410.25,0.83,0.84
2026-01-13 13:32:04,775,"Bitcoin Up or Down - January 13, 12:30AM-12:45AM ET",price_change,DOWN,0.79,1487.16,0.83,0.84
2026-01-13 13:32:05,774,"Bitcoin Up or Down - January 13, 12:30AM-12:45AM ET",price_change,DOWN,0.71,954.63,0.83,0.84
2026-01-13 13:32:06,773,"Bitcoin Up or Down - January 13, 12:30AM-12:45AM ET",price_change,UP,0.16,415.86,0.16,0.17
2026-01-13 13:32:07,772,"Bitcoin Up or Down - January 13, 12:30AM-12:45AM ET",price_change,UP,0.07,2938.57,0.16,0.17
2026-01-13 13:32:08,771,"Bitcoin Up or Down - January 13, 12:30AM-12:45AM ET",price_change,UP,0.16,1094.76,0.16,0.17
2026-01-13 13:32:09,770,"Bitcoin Up or Down - January 13, 12:30AM-12:45AM ET",price_change,UP,0.16,888,0.17,0.18
2026-01-13 13:32:11,768,"Bitcoin Up or Down - January 13, 12:30AM-12:45AM ET",price_change,DOWN,0.76,802,0.82,0.83
2026-01-13 13:32:12,767,"Bitcoin Up or Down - January 13, 12:30AM-12:45AM ET",price_change,UP,0.16,62,0.16,0.18
2026-01-13 13:32:13,766,"Bitcoin Up or Down - January 13, 12:30AM-12:45AM ET",price_change,DOWN,0.83,356.08,0.83,0.84
2026-01-13 13:32:14,765,"Bitcoin Up or Down - January 13, 12:30AM-12:45AM ET",price_change,DOWN,0.83,939.48,0.83,0.84
2026-01-13 13:32:15,764,"Bitcoin Up or Down - January 13, 12:30AM-12:45AM ET",price_change,UP,0.13,849,0.15,0.16
2026-01-13 13:32:16,763,"Bitcoin Up or Down - January 13, 12:30AM-12:45AM ET",price_change,UP,0.14,1270.44,0.15,0.16
2026-01-13 13:32:17,762,"Bitcoin Up or Down - January 13, 12:30AM-12:45AM ET",price_change,UP,0.07,3103.19,0.15,0.16
2026-01-13 13:32:19,760,"Bitcoin Up or Down - January 13, 12:30AM-12:45AM ET",price_change,UP,0.1,2576,0.15,0.16
2026-01-13 13:32:20,759,"Bitcoin Up or Down - January 13, 12:30AM-12:45AM ET",price_change,DOWN,0.84,1455.29,0.84,0.85
2026-01-13 13:32:21,758,"Bitcoin Up or Down - January 13, 12:30AM-12:45AM ET",price_change,DOWN,0.82,1761,0.84,0.85
2026-01-13 13:32:22,757,"Bitcoin Up or Down - January 13, 12:30AM-12:45AM ET",price_change,UP,0.15,3062.22,0.15,0.16
2026-01-13 13:32:23,756,"Bitcoin Up or Down - January 13, 12:30AM-12:45AM ET",price_change,UP,0.11,1264.03,0.15,0.16
2026-01-13 13:32:24,755,"Bitcoin Up or Down - January 13, 12:30AM-12:45AM ET",price_change,DOWN,0.84,2168.44,0.84,0.85
2026-01-13 13:32:25,754,"Bitcoin Up or Down - January 13, 12:30AM-12:45AM ET",price_change,DOWN,0.84,1848.69,0.84,0.85
2026-01-13 13:32:26,753,"Bitcoin Up or Down - January 13, 12:30AM-12:45AM ET",price_change,DOWN,0.8,806.25,0.85,0.86
2026-01-13 13:32:27,752,"Bitcoin Up or Down - January 13, 12:30AM-12:45AM ET",price_change,DOWN,0.85,2730,0.86,0.87
2026-01-13 13:32:28,751,"Bitcoin Up or Down - January 13, 12:30AM-12:45AM ET",price_change,UP,0.11,1231.53,0.13,0.14
2026-01-13 13:32:30,749,"Bitcoin Up or Down - January 13, 12:30AM-12:45AM ET",price_change,DOWN,0.22,62.05,0.86,0.87
2026-01-13 13:32:31,748,"Bitcoin Up or Down - January 13, 12:30AM-12:45AM ET",price_change,UP,0.1,1033,0.13,0.14
2026-01-13 13:32:32,747,"Bitcoin Up or Down - January 13, 12:30AM-12:45AM ET",price_change,UP,0.12,641.41,0.12,0.13
2026-01-13 13:32:33,746,"Bitcoin Up or Down - January 13, 12:30AM-12:45AM ET",price_change,DOWN,0.47,675,0.87,0.88
2026-01-13 13:32:34,745,"Bitcoin Up or Down - January 13, 12:30AM-12:45AM ET",price_change,UP,0.08,2696.42,0.12,0.13
2026-01-13 13:32:35,744,"Bitcoin Up or Down - January 13, 12:30AM-12:45AM ET",price_change,DOWN,0.62,858.19,0.87,0.88
2026-01-13 13:32:36,743,"Bitcoin Up or Down - January 13, 12:30AM-12:45AM ET",price_change,UP,0.08,2564.5,0.12,0.13
2026-01-13 13:32:37,742,"Bitcoin Up or Down - January 13, 12:30AM-12:45AM ET",price_change,DOWN,0.87,2176.15,0.87,0.88
2026-01-13 13:32:38,741,"Bitcoin Up or Down - January 13, 12:30AM-12:45AM ET",price_change,UP,0.09,1598.09,0.12,0.13
2026-01-13 13:32:39,740,"Bitcoin Up or Down - January 13, 12:30AM-12:45AM ET",price_change,UP,0.09,1598.09,0.12,0.13
2026-01-13 13:32:40,739,"Bitcoin Up or Down - January 13, 12:30AM-12:45AM ET",price_change,UP,0.08,2048.5,0.12,0.13
2026-01-13 13:32:41,738,"Bitcoin Up or Down - January 13, 12:30AM-12:45AM ET",price_change,DOWN,0.8,856.35,0.87,0.88
2026-01-13 13:32:42,737,"Bitcoin Up or Down - January 13, 12:30AM-12:45AM ET",price_change,UP,0.1,7055,0.12,0.13
2026-01-13 13:32:43,736,"Bitcoin Up or Down - January 13, 12:30AM-12:45AM ET",price_change,DOWN,0.87,2322.85,0.87,0.88
2026-01-13 13:32:44,735,"Bitcoin Up or Down - January 13, 12:30AM-12:45AM ET",price_change,DOWN,0.86,1517.89,0.86,0.87
2026-01-13 13:32:45,733,"Bitcoin Up or Down - January 13, 12:30AM-12:45AM ET",price_change,UP,0.09,1088.01,0.13,0.14
2026-01-13 13:32:46,732,"Bitcoin Up or Down - January 13, 12:30AM-12:45AM ET",price_change,UP,0.08,1562.5,0.12,0.13
2026-01-13 13:32:47,731,"Bitcoin Up or Down - January 13, 12:30AM-12:45AM ET",price_change,DOWN,0.86,1554.6,0.87,0.88
2026-01-13 13:32:48,730,"Bitcoin Up or Down - January 13, 12:30AM-12:45AM ET",price_change,UP,0.09,1117.01,0.12,0.13
2026-01-13 13:32:49,729,"Bitcoin Up or Down - January 13, 12:30AM-12:45AM ET",price_change,DOWN,0.85,2784.1,0.87,0.88
2026-01-13 13:32:51,728,"Bitcoin Up or Down - January 13, 12:30AM-12:45AM ET",price_change,DOWN,0.85,29.1,0.85,0.86
2026-01-13 13:32:53,726,"Bitcoin Up or Down - January 13, 12:30AM-12:45AM ET",price_change,UP,0.11,416,0.15,0.16
2026-01-13 13:32:54,725,"Bitcoin Up or Down - January 13, 12:30AM-12:45AM ET",price_change,DOWN,0.83,349.14,0.84,0.85
2026-01-13 13:32:55,724,"Bitcoin Up or Down - January 13, 12:30AM-12:45AM ET",price_change,UP,0.16,315.11,0.16,0.17
2026-01-13 13:32:56,723,"Bitcoin Up or Down - January 13, 12:30AM-12:45AM ET",price_change,UP,0.14,582.38,0.17,0.18
2026-01-13 13:32:57,722,"Bitcoin Up or Down - January 13, 12:30AM-12:45AM ET",price_change,DOWN,0.76,738.1,0.82,0.83
2026-01-13 13:32:58,721,"Bitcoin Up or Down - January 13, 12:30AM-12:45AM ET",price_change,DOWN,0.81,1504.81,0.81,0.82
2026-01-13 13:32:59,720,"Bitcoin Up or Down - January 13, 12:30AM-12:45AM ET",price_change,UP,0.17,17,0.17,0.18
2026-01-13 13:33:00,719,"Bitcoin Up or Down - January 13, 12:30AM-12:45AM ET",price_change,DOWN,0.83,205.06,0.83,0.84
2026-01-13 13:33:01,718,"Bitcoin Up or Down - January 13, 12:30AM-12:45AM ET",price_change,DOWN,0.82,543,0.83,0.84
2026-01-13 13:33:02,717,"Bitcoin Up or Down - January 13, 12:30AM-12:45AM ET",price_change,DOWN,0.83,1096.7,0.83,0.84
2026-01-13 13:33:03,716,"Bitcoin Up or Down - January 13, 12:30AM-12:45AM ET",price_change,UP,0.16,833.15,0.16,0.17
2026-01-13 13:33:04,715,"Bitcoin Up or Down - January 13, 12:30AM-12:45AM ET",price_change,UP,0.12,3750,0.16,0.17
2026-01-13 13:33:05,714,"Bitcoin Up or Down - January 13, 12:30AM-12:45AM ET",price_change,DOWN,0.7,709.2,0.83,0.84
2026-01-13 13:33:06,713,"Bitcoin Up or Down - January 13, 12:30AM-12:45AM ET",price_change,DOWN,0.8,576.33,0.8,0.82
2026-01-13 13:33:07,712,"Bitcoin Up or Down - January 13, 12:30AM-12:45AM ET",price_change,UP,0.2,385.56,0.2,0.21
2026-01-13 13:33:08,711,"Bitcoin Up or Down - January 13, 12:30AM-12:45AM ET",price_change,UP,0.21,1055.55,0.21,0.22
2026-01-13 13:33:09,710,"Bitcoin Up or Down - January 13, 12:30AM-12:45AM ET",price_change,DOWN,0.76,907.5,0.78,0.79
2026-01-13 13:33:10,709,"Bitcoin Up or Down - January 13, 12:30AM-12:45AM ET",price_change,UP,0.22,3141,0.22,0.23
2026-01-13 13:33:11,708,"Bitcoin Up or Down - January 13, 12:30AM-12:45AM ET",price_change,UP,0.24,1777.55,0.24,0.25
2026-01-13 13:33:12,707,"Bitcoin Up or Down - January 13, 12:30AM-12:45AM ET",price_change,UP,0.23,1232.16,0.26,0.27
2026-01-13 13:33:13,706,"Bitcoin Up or Down - January 13, 12:30AM-12:45AM ET",price_change,DOWN,0.75,104.5,0.75,0.78
2026-01-13 13:33:15,704,"Bitcoin Up or Down - January 13, 12:30AM-12:45AM ET",price_change,UP,0.23,4.73,0.23,0.24
2026-01-13 13:33:16,703,"Bitcoin Up or Down - January 13, 12:30AM-12:45AM ET",price_change,DOWN,0.75,163.49,0.76,0.77
2026-01-13 13:33:17,702,"Bitcoin Up or Down - January 13, 12:30AM-12:45AM ET",price_change,UP,0.23,1323.7,0.23,0.24
2026-01-13 13:33:18,701,"Bitcoin Up or Down - January 13, 12:30AM-12:45AM ET",price_change,DOWN,0.68,1015.35,0.77,0.78
2026-01-13 13:33:19,700,"Bitcoin Up or Down - January 13, 12:30AM-12:45AM ET",price_change,DOWN,0.75,392,0.78,0.79
2026-01-13 13:33:20,699,"Bitcoin Up or Down - January 13, 12:30AM-12:45AM ET",price_change,DOWN,0.71,1301.9,0.78,0.79
2026-01-13 13:33:21,698,"Bitcoin Up or Down - January 13, 12:30AM-12:45AM ET",price_change,UP,0.21,241,0.21,0.22
2026-01-13 13:33:22,697,"Bitcoin Up or Down - January 13, 12:30AM-12:45AM ET",price_change,UP,0.18,62.18,0.19,0.2
2026-01-13 13:33:23,696,"Bitcoin Up or Down - January 13, 12:30AM-12:45AM ET",price_change,DOWN,0.78,2050,0.81,0.82
2026-01-13 13:33:24,695,"Bitcoin Up or Down - January 13, 12:30AM-12:45AM ET",price_change,DOWN,0.76,1442,0.81,0.82
2026-01-13 13:33:26,693,"Bitcoin Up or Down - January 13, 12:30AM-12:45AM ET",price_change,DOWN,0.84,85.25,0.84,0.85
2026-01-13 13:33:27,692,"Bitcoin Up or Down - January 13, 12:30AM-12:45AM ET",price_change,UP,0.09,1006.99,0.15,0.16
2026-01-13 13:33:28,691,"Bitcoin Up or Down - January 13, 12:30AM-12:45AM ET",price_change,DOWN,0.85,853,0.86,0.87
2026-01-13 13:33:30,689,"Bitcoin Up or Down - January 13, 12:30AM-12:45AM ET",price_change,UP,0.08,1626.84,0.13,0.14
2026-01-13 13:33:32,687,"Bitcoin Up or Down - January 13, 12:30AM-12:45AM ET",price_change,DOWN,0.85,951.71,0.86,0.87
2026-01-13 13:33:33,686,"Bitcoin Up or Down - January 13, 12:30AM-12:45AM ET",price_change,DOWN,0.87,76.36,0.87,0.88
2026-01-13 13:33:35,684,"Bitcoin Up or Down - January 13, 12:30AM-12:45AM ET",price_change,UP,0.12,393.16,0.12,0.13
2026-01-13 13:33:36,683,"Bitcoin Up or Down - January 13, 12:30AM-12:45AM ET",price_change,DOWN,0.85,797.18,0.87,0.88
2026-01-13 13:33:37,682,"Bitcoin Up or Down - January 13, 12:30AM-12:45AM ET",price_change,DOWN,0.85,813.18,0.87,0.88
2026-01-13 13:33:38,681,"Bitcoin Up or Down - January 13, 12:30AM-12:45AM ET",price_change,DOWN,0.86,1884.6,0.87,0.88
2026-01-13 13:33:39,680,"Bitcoin Up or Down - January 13, 12:30AM-12:45AM ET",price_change,UP,0.09,1084.78,0.12,0.13
2026-01-13 13:33:40,679,"Bitcoin Up or Down - January 13, 12:30AM-12:45AM ET",price_change,UP,0.08,1585.84,0.12,0.13
2026-01-13 13:33:41,678,"Bitcoin Up or Down - January 13, 12:30AM-12:45AM ET",price_change,UP,0.08,1585.84,0.12,0.14
2026-01-13 13:33:43,676,"Bitcoin Up or Down - January 13, 12:30AM-12:45AM ET",price_change,DOWN,0.86,2217.65,0.88,0.89
2026-01-13 13:33:44,674,"Bitcoin Up or Down - January 13, 12:30AM-12:45AM ET",price_change,UP,0.11,164.34,0.11,0.12
2026-01-13 13:33:45,673,"Bitcoin Up or Down - January 13, 12:30AM-12:45AM ET",price_change,DOWN,0.88,84.76,0.88,0.89
2026-01-13 13:33:46,672,"Bitcoin Up or Down - January 13, 12:30AM-12:45AM ET",price_change,DOWN,0.78,648.6,0.89,0.9
2026-01-13 13:33:47,671,"Bitcoin Up or Down - January 13, 12:30AM-12:45AM ET",price_change,DOWN,0.89,432.38,0.89,0.9
2026-01-13 13:33:48,670,"Bitcoin Up or Down - January 13, 12:30AM-12:45AM ET",price_change,UP,0.1,5931.58,0.1,0.11
2026-01-13 13:33:50,669,"Bitcoin Up or Down - January 13, 12:30AM-12:45AM ET",price_change,DOWN,0.67,676.9,0.89,0.9
2026-01-13 13:33:50,668,"Bitcoin Up or Down - January 13, 12:30AM-12:45AM ET",price_change,DOWN,0.79,392.8,0.89,0.9
2026-01-13 13:33:52,666,"Bitcoin Up or Down - January 13, 12:30AM-12:45AM ET",price_change,DOWN,0.86,1728.15,0.89,0.9
2026-01-13 13:33:54,665,"Bitcoin Up or Down - January 13, 12:30AM-12:45AM ET",price_change,DOWN,0.01,15438.73,0.89,0.9
2026-01-13 13:33:55,664,"Bitcoin Up or Down - January 13, 12:30AM-12:45AM ET",price_change,UP,0.1,23.23,0.1,0.11
2026-01-13 13:33:56,663,"Bitcoin Up or Down - January 13, 12:30AM-12:45AM ET",price_change,UP,0.1,6.13,0.1,0.11
2026-01-13 13:33:57,662,"Bitcoin Up or Down - January 13, 12:30AM-12:45AM ET",price_change,UP,0.09,321.31,0.09,0.1
2026-01-13 13:33:58,661,"Bitcoin Up or Down - January 13, 12:30AM-12:45AM ET",price_change,DOWN,0.84,2006.39,0.89,0.9
2026-01-13 13:33:59,660,"Bitcoin Up or Down - January 13, 12:30AM-12:45AM ET",price_change,DOWN,0.01,15444.37,0.89,0.9
2026-01-13 13:34:02,657,"Bitcoin Up or Down - January 13, 12:30AM-12:45AM ET",price_change,DOWN,0.85,786.39,0.89,0.9
2026-01-13 13:34:03,656,"Bitcoin Up or Down - January 13, 12:30AM-12:45AM ET",price_change,UP,0.08,1626.25,0.1,0.11
2026-01-13 13:34:04,655,"Bitcoin Up or Down - January 13, 12:30AM-12:45AM ET",price_change,DOWN,0.89,1277.87,0.89,0.9
2026-01-13 13:34:05,654,"Bitcoin Up or Down - January 13, 12:30AM-12:45AM ET",price_change,UP,0.1,2.73,0.1,0.11
2026-01-13 13:34:06,653,"Bitcoin Up or Down - January 13, 12:30AM-12:45AM ET",price_change,DOWN,0.73,727.05,0.89,0.9
2026-01-13 13:34:08,651,"Bitcoin Up or Down - January 13, 12:30AM-12:45AM ET",price_change,DOWN,0.85,716.89,0.9,0.91
2026-01-13 13:34:09,650,"Bitcoin Up or Down - January 13, 12:30AM-12:45AM ET",price_change,UP,0.07,1416.57,0.1,0.11
2026-01-13 13:34:10,649,"Bitcoin Up or Down - January 13, 12:30AM-12:45AM ET",price_change,UP,0.1,214.66,0.1,0.11
2026-01-13 13:34:11,648,"Bitcoin Up or Down - January 13, 12:30AM-12:45AM ET",price_change,DOWN,0.88,2108.1,0.89,0.9
2026-01-13 13:34:12,647,"Bitcoin Up or Down - January 13, 12:30AM-12:45AM ET",price_change,UP,0.06,1142.15,0.08,0.09
2026-01-13 13:34:13,646,"Bitcoin Up or Down - January 13, 12:30AM-12:45AM ET",price_change,UP,0.06,1162.15,0.08,0.09
2026-01-13 13:34:14,645,"Bitcoin Up or Down - January 13, 12:30AM-12:45AM ET",price_change,DOWN,0.92,12.2,0.92,0.93
2026-01-13 13:34:15,644,"Bitcoin Up or Down - January 13, 12:30AM-12:45AM ET",price_change,DOWN,0.93,57.24,0.93,0.94
2026-01-13 13:34:17,642,"Bitcoin Up or Down - January 13, 12:30AM-12:45AM ET",price_change,UP,0.06,1106.38,0.07,0.08
2026-01-13 13:34:19,640,"Bitcoin Up or Down - January 13, 12:30AM-12:45AM ET",price_change,DOWN,0.82,723.6,0.92,0.93
2026-01-13 13:34:20,639,"Bitcoin Up or Down - January 13, 12:30AM-12:45AM ET",price_change,DOWN,0.91,1645.07,0.92,0.94
2026-01-13 13:34:21,638,"Bitcoin Up or Down - January 13, 12:30AM-12:45AM ET",price_change,UP,0.07,705.24,0.07,0.08
2026-01-13 13:34:23,636,"Bitcoin Up or Down - January 13, 12:30AM-12:45AM ET",price_change,DOWN,0.89,1223.82,0.89,0.9
2026-01-13 13:34:24,635,"Bitcoin Up or Down - January 13, 12:30AM-12:45AM ET",price_change,DOWN,0.89,566.1,0.89,0.9
2026-01-13 13:34:25,634,"Bitcoin Up or Down - January 13, 12:30AM-12:45AM ET",price_change,UP,0.08,820,0.09,0.1
2026-01-13 13:34:27,632,"Bitcoin Up or Down - January 13, 12:30AM-12:45AM ET",price_change,DOWN,0.9,145.8,0.9,0.91
2026-01-13 13:34:28,631,"Bitcoin Up or Down - January 13, 12:30AM-12:45AM ET",price_change,DOWN,0.11,23.3,0.9,0.91
2026-01-13 13:34:29,630,"Bitcoin Up or Down - January 13, 12:30AM-12:45AM ET",price_change,DOWN,0.06,2568,0.9,0.91
2026-01-13 13:34:30,629,"Bitcoin Up or Down - January 13, 12:30AM-12:45AM ET",price_change,DOWN,0.9,315.01,0.91,0.92
2026-01-13 13:34:31,628,"Bitcoin Up or Down - January 13, 12:30AM-12:45AM ET",price_change,DOWN,0.77,891.6,0.91,0.92
2026-01-13 13:34:32,627,"Bitcoin Up or Down - January 13, 12:30AM-12:45AM ET",price_change,DOWN,0.9,306.01,0.91,0.92
2026-01-13 13:34:33,626,"Bitcoin Up or Down - January 13, 12:30AM-12:45AM ET",price_change,DOWN,0.88,2423,0.91,0.92
2026-01-13 13:34:34,625,"Bitcoin Up or Down - January 13, 12:30AM-12:45AM ET",price_change,DOWN,0.84,1026.39,0.91,0.92
2026-01-13 13:34:35,624,"Bitcoin Up or Down - January 13, 12:30AM-12:45AM ET",price_change,UP,0.08,985.25,0.08,0.1
2026-01-13 13:34:36,623,"Bitcoin Up or Down - January 13, 12:30AM-12:45AM ET",price_change,UP,0.09,114.48,0.09,0.1
2026-01-13 13:34:37,622,"Bitcoin Up or Down - January 13, 12:30AM-12:45AM ET",price_change,DOWN,0.89,2343.6,0.9,0.91
2026-01-13 13:34:38,621,"Bitcoin Up or Down - January 13, 12:30AM-12:45AM ET",price_change,UP,0.08,1351.25,0.09,0.1
2026-01-13 13:34:39,620,"Bitcoin Up or Down - January 13, 12:30AM-12:45AM ET",price_change,UP,0.01,16005.66,0.09,0.1
2026-01-13 13:34:40,619,"Bitcoin Up or Down - January 13, 12:30AM-12:45AM ET",price_change,UP,0.07,1275.48,0.09,0.1
2026-01-13 13:34:42,617,"Bitcoin Up or Down - January 13, 12:30AM-12:45AM ET",price_change,UP,0.07,881,0.08,0.09
2026-01-13 13:34:43,616,"Bitcoin Up or Down - January 13, 12:30AM-12:45AM ET",price_change,UP,0.06,1507.23,0.08,0.09
2026-01-13 13:34:44,615,"Bitcoin Up or Down - January 13, 12:30AM-12:45AM ET",price_change,UP,0.05,2029.54,0.08,0.09
2026-01-13 13:34:45,614,"Bitcoin Up or Down - January 13, 12:30AM-12:45AM ET",price_change,UP,0.08,328.44,0.09,0.1
2026-01-13 13:34:46,613,"Bitcoin Up or Down - January 13, 12:30AM-12:45AM ET",price_change,UP,0.09,834.44,0.09,0.1
2026-01-13 13:34:48,611,"Bitcoin Up or Down - January 13, 12:30AM-12:45AM ET",price_change,DOWN,0.89,1893.7,0.91,0.92
2026-01-13 13:34:49,610,"Bitcoin Up or Down - January 13, 12:30AM-12:45AM ET",price_change,DOWN,0.89,1819.7,0.92,0.93
2026-01-13 13:34:50,609,"Bitcoin Up or Down - January 13, 12:30AM-12:45AM ET",price_change,DOWN,0.92,1163.5,0.92,0.93
2026-01-13 13:34:51,608,"Bitcoin Up or Down - January 13, 12:30AM-12:45AM ET",price_change,DOWN,0.93,71,0.93,0.94
2026-01-13 13:34:52,607,"Bitcoin Up or Down - January 13, 12:30AM-12:45AM ET",price_change,DOWN,0.91,1260.25,0.92,0.93
2026-01-13 13:34:53,606,"Bitcoin Up or Down - January 13, 12:30AM-12:45AM ET",price_change,DOWN,0.91,1603.18,0.92,0.94
2026-01-13 13:34:54,605,"Bitcoin Up or Down - January 13, 12:30AM-12:45AM ET",price_change,DOWN,0.91,1634.18,0.92,0.93
2026-01-13 13:34:57,602,"Bitcoin Up or Down - January 13, 12:30AM-12:45AM ET",price_change,DOWN,0.91,1235.02,0.91,0.92
2026-01-13 13:34:58,600,"Bitcoin Up or Down - January 13, 12:30AM-12:45AM ET",price_change,DOWN,0.91,1903.52,0.91,0.92
2026-01-13 13:35:00,599,"Bitcoin Up or Down - January 13, 12:30AM-12:45AM ET",price_change,DOWN,0.89,1854.7,0.91,0.92
2026-01-13 13:35:01,598,"Bitcoin Up or Down - January 13, 12:30AM-12:45AM ET",price_change,DOWN,0.86,752.65,0.91,0.92
2026-01-13 13:35:02,597,"Bitcoin Up or Down - January 13, 12:30AM-12:45AM ET",price_change,UP,0.05,2185.54,0.07,0.08
2026-01-13 13:35:03,596,"Bitcoin Up or Down - January 13, 12:30AM-12:45AM ET",price_change,DOWN,0.91,883.92,0.91,0.92
2026-01-13 13:35:04,595,"Bitcoin Up or Down - January 13, 12:30AM-12:45AM ET",price_change,DOWN,0.84,736.39,0.91,0.92
2026-01-13 13:35:05,594,"Bitcoin Up or Down - January 13, 12:30AM-12:45AM ET",price_change,DOWN,0.91,1200.26,0.91,0.92
2026-01-13 13:35:06,593,"Bitcoin Up or Down - January 13, 12:30AM-12:45AM ET",price_change,DOWN,0.9,1889.3,0.92,0.93
2026-01-13 13:35:07,592,"Bitcoin Up or Down - January 13, 12:30AM-12:45AM ET",price_change,UP,0.06,1660.49,0.07,0.08
2026-01-13 13:35:08,591,"Bitcoin Up or Down - January 13, 12:30AM-12:45AM ET",price_change,UP,0.08,196.72,0.08,0.09
2026-01-13 13:35:09,590,"Bitcoin Up or Down - January 13, 12:30AM-12:45AM ET",price_change,UP,0.08,556.39,0.08,0.09
2026-01-13 13:35:10,589,"Bitcoin Up or Down - January 13, 12:30AM-12:45AM ET",price_change,UP,0.08,704.5,0.08,0.09
2026-01-13 13:35:11,588,"Bitcoin Up or Down - January 13, 12:30AM-12:45AM ET",price_change,DOWN,0.91,202.43,0.91,0.92
2026-01-13 13:35:12,587,"Bitcoin Up or Down - January 13, 12:30AM-12:45AM ET",price_change,DOWN,0.9,1000.3,0.91,0.92
2026-01-13 13:35:13,586,"Bitcoin Up or Down - January 13, 12:30AM-12:45AM ET",price_change,DOWN,0.89,2390.43,0.92,0.93
2026-01-13 13:35:14,585,"Bitcoin Up or Down - January 13, 12:30AM-12:45AM ET",price_change,UP,0.05,1625.04,0.07,0.08
2026-01-13 13:35:15,584,"Bitcoin Up or Down - January 13, 12:30AM-12:45AM ET",price_change,DOWN,0.92,182.3,0.92,0.93
2026-01-13 13:35:16,583,"Bitcoin Up or Down - January 13, 12:30AM-12:45AM ET",price_change,UP,0.04,2344.8,0.07,0.08
2026-01-13 13:35:17,582,"Bitcoin Up or Down - January 13, 12:30AM-12:45AM ET",price_change,DOWN,0.84,730.39,0.92,0.93
2026-01-13 13:35:18,581,"Bitcoin Up or Down - January 13, 12:30AM-12:45AM ET",price_change,DOWN,0.91,907.86,0.92,0.93
2026-01-13 13:35:19,580,"Bitcoin Up or Down - January 13, 12:30AM-12:45AM ET",price_change,UP,0.06,779.5,0.07,0.08
2026-01-13 13:35:20,579,"Bitcoin Up or Down - January 13, 12:30AM-12:45AM ET",price_change,DOWN,0.92,435.52,0.92,0.93
2026-01-13 13:35:21,578,"Bitcoin Up or Down - January 13, 12:30AM-12:45AM ET",price_change,UP,0.04,2115.8,0.07,0.08
2026-01-13 13:35:22,577,"Bitcoin Up or Down - January 13, 12:30AM-12:45AM ET",price_change,UP,0.06,775.5,0.07,0.08
2026-01-13 13:35:23,576,"Bitcoin Up or Down - January 13, 12:30AM-12:45AM ET",price_change,UP,0.04,2295.8,0.07,0.08
2026-01-13 13:35:24,575,"Bitcoin Up or Down - January 13, 12:30AM-12:45AM ET",price_change,UP,0.04,2296.8,0.07,0.08
2026-01-13 13:35:25,574,"Bitcoin Up or Down - January 13, 12:30AM-12:45AM ET",price_change,UP,0.05,1825.9,0.07,0.08
2026-01-13 13:35:26,573,"Bitcoin Up or Down - January 13, 12:30AM-12:45AM ET",price_change,UP,0.06,162.99,0.06,0.07
2026-01-13 13:35:27,572,"Bitcoin Up or Down - January 13, 12:30AM-12:45AM ET",price_change,DOWN,0.93,1560.26,0.94,0.95
2026-01-13 13:35:28,570,"Bitcoin Up or Down - January 13, 12:30AM-12:45AM ET",price_change,UP,0.05,1748.81,0.05,0.06
2026-01-13 13:35:30,568,"Bitcoin Up or Down - January 13, 12:30AM-12:45AM ET",price_change,DOWN,0.86,757.29,0.94,0.95
2026-01-13 13:35:32,567,"Bitcoin Up or Down - January 13, 12:30AM-12:45AM ET",price_change,DOWN,0.92,816.14,0.94,0.95
2026-01-13 13:35:33,566,"Bitcoin Up or Down - January 13, 12:30AM-12:45AM ET",price_change,UP,0.03,2834.94,0.05,0.06
2026-01-13 13:35:34,565,"Bitcoin Up or Down - January 13, 12:30AM-12:45AM ET",price_change,DOWN,0.84,730.39,0.94,0.95
2026-01-13 13:35:35,564,"Bitcoin Up or Down - January 13, 12:30AM-12:45AM ET",price_change,DOWN,0.94,198.36,0.94,0.95
2026-01-13 13:35:36,563,"Bitcoin Up or Down - January 13, 12:30AM-12:45AM ET",price_change,UP,0.05,1031.46,0.05,0.06
2026-01-13 13:35:37,562,"Bitcoin Up or Down - January 13, 12:30AM-12:45AM ET",price_change,UP,0.03,2781.94,0.05,0.06
2026-01-13 13:35:38,561,"Bitcoin Up or Down - January 13, 12:30AM-12:45AM ET",price_change,DOWN,0.91,873.8,0.94,0.95
2026-01-13 13:35:39,560,"Bitcoin Up or Down - January 13, 12:30AM-12:45AM ET",price_change,DOWN,0.92,1367.14,0.94,0.95
2026-01-13 13:35:40,559,"Bitcoin Up or Down - January 13, 12:30AM-12:45AM ET",price_change,DOWN,0.94,478.79,0.94,0.95
2026-01-13 13:35:41,558,"Bitcoin Up or Down - January 13, 12:30AM-12:45AM ET",price_change,DOWN,0.94,463.34,0.94,0.95
2026-01-13 13:35:42,557,"Bitcoin Up or Down - January 13, 12:30AM-12:45AM ET",price_change,DOWN,0.94,1481.09,0.95,0.96
2026-01-13 13:35:43,556,"Bitcoin Up or Down - January 13, 12:30AM-12:45AM ET",price_change,DOWN,0.94,1482,0.94,0.95
2026-01-13 13:35:44,555,"Bitcoin Up or Down - January 13, 12:30AM-12:45AM ET",price_change,DOWN,0.87,776.5,0.95,0.96
2026-01-13 13:35:45,554,"Bitcoin Up or Down - January 13, 12:30AM-12:45AM ET",price_change,DOWN,0.91,511.8,0.94,0.95
2026-01-13 13:35:46,553,"Bitcoin Up or Down - January 13, 12:30AM-12:45AM ET",price_change,DOWN,0.89,1975.02,0.93,0.94
2026-01-13 13:35:47,552,"Bitcoin Up or Down - January 13, 12:30AM-12:45AM ET",price_change,UP,0.05,829.09,0.05,0.07
2026-01-13 13:35:48,551,"Bitcoin Up or Down - January 13, 12:30AM-12:45AM ET",price_change,DOWN,0.84,736.39,0.94,0.95
2026-01-13 13:35:49,550,"Bitcoin Up or Down - January 13, 12:30AM-12:45AM ET",price_change,UP,0.02,104399.81,0.05,0.06
2026-01-13 13:35:50,549,"Bitcoin Up or Down - January 13, 12:30AM-12:45AM ET",price_change,UP,0.02,104371.81,0.05,0.06
2026-01-13 13:35:51,548,"Bitcoin Up or Down - January 13, 12:30AM-12:45AM ET",price_change,DOWN,0.91,1074.8,0.94,0.95
2026-01-13 13:35:52,547,"Bitcoin Up or Down - January 13, 12:30AM-12:45AM ET",price_change,UP,0.01,17476.06,0.05,0.06
2026-01-13 13:35:53,546,"Bitcoin Up or Down - January 13, 12:30AM-12:45AM ET",price_change,DOWN,0.88,1078.6,0.94,0.95
2026-01-13 13:35:55,544,"Bitcoin Up or Down - January 13, 12:30AM-12:45AM ET",price_change,DOWN,0.92,1543.83,0.93,0.94
2026-01-13 13:35:56,543,"Bitcoin Up or Down - January 13, 12:30AM-12:45AM ET",price_change,DOWN,0.94,156.64,0.94,0.95
2026-01-13 13:35:57,542,"Bitcoin Up or Down - January 13, 12:30AM-12:45AM ET",price_change,UP,0.01,17614.98,0.05,0.06
2026-01-13 13:35:58,541,"Bitcoin Up or Down - January 13, 12:30AM-12:45AM ET",price_change,UP,0.01,17582.98,0.05,0.06
2026-01-13 13:35:59,540,"Bitcoin Up or Down - January 13, 12:30AM-12:45AM ET",price_change,UP,0.04,1518.66,0.05,0.06
2026-01-13 13:36:00,539,"Bitcoin Up or Down - January 13, 12:30AM-12:45AM ET",price_change,DOWN,0.84,720.39,0.93,0.94
2026-01-13 13:36:01,538,"Bitcoin Up or Down - January 13, 12:30AM-12:45AM ET",price_change,UP,0.02,105074,0.06,0.07
2026-01-13 13:36:02,537,"Bitcoin Up or Down - January 13, 12:30AM-12:45AM ET",price_change,UP,0.04,1155.02,0.06,0.07
2026-01-13 13:36:03,536,"Bitcoin Up or Down - January 13, 12:30AM-12:45AM ET",price_change,UP,0.06,838.56,0.06,0.07
2026-01-13 13:36:04,535,"Bitcoin Up or Down - January 13, 12:30AM-12:45AM ET",price_change,DOWN,0.91,714.91,0.91,0.94
2026-01-13 13:36:05,534,"Bitcoin Up or Down - January 13, 12:30AM-12:45AM ET",price_change,DOWN,0.82,821.65,0.92,0.93
2026-01-13 13:36:06,533,"Bitcoin Up or Down - January 13, 12:30AM-12:45AM ET",price_change,UP,0.04,959.66,0.07,0.08
2026-01-13 13:36:07,532,"Bitcoin Up or Down - January 13, 12:30AM-12:45AM ET",price_change,DOWN,0.93,303.49,0.94,0.95
2026-01-13 13:36:08,531,"Bitcoin Up or Down - January 13, 12:30AM-12:45AM ET",price_change,UP,0.05,205,0.05,0.06
2026-01-13 13:36:09,530,"Bitcoin Up or Down - January 13, 12:30AM-12:45AM ET",price_change,DOWN,0.75,797.9,0.94,0.95
2026-01-13 13:36:10,529,"Bitcoin Up or Down - January 13, 12:30AM-12:45AM ET",price_change,DOWN,0.9,1150.08,0.93,0.94
2026-01-13 13:36:11,528,"Bitcoin Up or Down - January 13, 12:30AM-12:45AM ET",price_change,UP,0.06,223,0.06,0.07
2026-01-13 13:36:12,527,"Bitcoin Up or Down - January 13, 12:30AM-12:45AM ET",price_change,UP,0.03,2898.94,0.07,0.08
2026-01-13 13:36:13,525,"Bitcoin Up or Down - January 13, 12:30AM-12:45AM ET",price_change,UP,0.07,201,0.07,0.08
2026-01-13 13:36:14,524,"Bitcoin Up or Down - January 13, 12:30AM-12:45AM ET",price_change,UP,0.05,11187.36,0.07,0.08
2026-01-13 13:36:15,523,"Bitcoin Up or Down - January 13, 12:30AM-12:45AM ET",price_change,DOWN,0.89,1831.02,0.92,0.93
2026-01-13 13:36:16,522,"Bitcoin Up or Down - January 13, 12:30AM-12:45AM ET",price_change,UP,0.04,1808.66,0.07,0.08
2026-01-13 13:36:17,521,"Bitcoin Up or Down - January 13, 12:30AM-12:45AM ET",price_change,DOWN,0.7,837.92,0.92,0.93
2026-01-13 13:36:18,520,"Bitcoin Up or Down - January 13, 12:30AM-12:45AM ET",price_change,UP,0.05,11222.03,0.07,0.08
2026-01-13 13:36:19,519,"Bitcoin Up or Down - January 13, 12:30AM-12:45AM ET",price_change,DOWN,0.92,32,0.92,0.93
2026-01-13 13:36:21,518,"Bitcoin Up or Down - January 13, 12:30AM-12:45AM ET",price_change,UP,0.07,146.55,0.07,0.08
2026-01-13 13:36:22,517,"Bitcoin Up or Down - January 13, 12:30AM-12:45AM ET",price_change,UP,0.05,11638,0.07,0.08
2026-01-13 13:36:23,516,"Bitcoin Up or Down - January 13, 12:30AM-12:45AM ET",price_change,DOWN,0.89,1830.7,0.92,0.93
2026-01-13 13:36:24,515,"Bitcoin Up or Down - January 13, 12:30AM-12:45AM ET",price_change,UP,0.05,11638,0.07,0.08
2026-01-13 13:36:25,514,"Bitcoin Up or Down - January 13, 12:30AM-12:45AM ET",price_change,UP,0.06,830.36,0.07,0.08
2026-01-13 13:36:26,513,"Bitcoin Up or Down - January 13, 12:30AM-12:45AM ET",price_change,DOWN,0.91,272.55,0.91,0.93
2026-01-13 13:36:27,512,"Bitcoin Up or Down - January 13, 12:30AM-12:45AM ET",price_change,UP,0.05,11142,0.08,0.09
2026-01-13 13:36:28,511,"Bitcoin Up or Down - January 13, 12:30AM-12:45AM ET",price_change,DOWN,0.91,75,0.91,0.92
2026-01-13 13:36:29,510,"Bitcoin Up or Down - January 13, 12:30AM-12:45AM ET",price_change,DOWN,0.79,492.8,0.91,0.92
2026-01-13 13:36:30,509,"Bitcoin Up or Down - January 13, 12:30AM-12:45AM ET",price_change,DOWN,0.9,1664.2,0.9,0.92
2026-01-13 13:36:31,508,"Bitcoin Up or Down - January 13, 12:30AM-12:45AM ET",price_change,UP,0.09,70,0.09,0.1
2026-01-13 13:36:32,507,"Bitcoin Up or Down - January 13, 12:30AM-12:45AM ET",price_change,UP,0.08,176.19,0.08,0.09
2026-01-13 13:36:33,506,"Bitcoin Up or Down - January 13, 12:30AM-12:45AM ET",price_change,DOWN,0.87,839.5,0.91,0.92
2026-01-13 13:36:34,505,"Bitcoin Up or Down - January 13, 12:30AM-12:45AM ET",price_change,DOWN,0.73,619.73,0.91,0.92
2026-01-13 13:36:35,504,"Bitcoin Up or Down - January 13, 12:30AM-12:45AM ET",price_change,UP,0.07,151,0.08,0.09
2026-01-13 13:36:36,503,"Bitcoin Up or Down - January 13, 12:30AM-12:45AM ET",price_change,DOWN,0.91,376.74,0.91,0.92
2026-01-13 13:36:37,502,"Bitcoin Up or Down - January 13, 12:30AM-12:45AM ET",price_change,DOWN,0.91,556.3,0.91,0.92
2026-01-13 13:36:38,501,"Bitcoin Up or Down - January 13, 12:30AM-12:45AM ET",price_change,DOWN,0.88,771.6,0.91,0.92
2026-01-13 13:36:39,500,"Bitcoin Up or Down - January 13, 12:30AM-12:45AM ET",price_change,DOWN,0.89,2649.82,0.91,0.92
2026-01-13 13:36:40,499,"Bitcoin Up or Down - January 13, 12:30AM-12:45AM ET",price_change,DOWN,0.9,1196.37,0.91,0.92
2026-01-13 13:36:41,498,"Bitcoin Up or Down - January 13, 12:30AM-12:45AM ET",price_change,DOWN,0.83,964.29,0.91,0.92
2026-01-13 13:36:42,497,"Bitcoin Up or Down - January 13, 12:30AM-12:45AM ET",price_change,DOWN,0.89,2581.7,0.92,0.93
2026-01-13 13:36:43,496,"Bitcoin Up or Down - January 13, 12:30AM-12:45AM ET",price_change,UP,0.05,10911,0.07,0.08
2026-01-13 13:36:45,494,"Bitcoin Up or Down - January 13, 12:30AM-12:45AM ET",price_change,UP,0.04,932.66,0.07,0.08
2026-01-13 13:36:46,493,"Bitcoin Up or Down - January 13, 12:30AM-12:45AM ET",price_change,UP,0.06,1482,0.07,0.08
2026-01-13 13:36:47,492,"Bitcoin Up or Down - January 13, 12:30AM-12:45AM ET",price_change,UP,0.04,927.66,0.07,0.08
2026-01-13 13:36:48,491,"Bitcoin Up or Down - January 13, 12:30AM-12:45AM ET",price_change,DOWN,0.89,2266.7,0.92,0.93
2026-01-13 13:36:49,490,"Bitcoin Up or Down - January 13, 12:30AM-12:45AM ET",price_change,DOWN,0.87,1032.5,0.9,0.91
2026-01-13 13:36:50,489,"Bitcoin Up or Down - January 13, 12:30AM-12:45AM ET",price_change,DOWN,0.9,897.76,0.9,0.91
2026-01-13 13:36:51,488,"Bitcoin Up or Down - January 13, 12:30AM-12:45AM ET",price_change,DOWN,0.9,964.76,0.9,0.91
2026-01-13 13:36:52,487,"Bitcoin Up or Down - January 13, 12:30AM-12:45AM ET",price_change,DOWN,0.87,1026.5,0.9,0.91
2026-01-13 13:36:53,486,"Bitcoin Up or Down - January 13, 12:30AM-12:45AM ET",price_change,UP,0.06,1281,0.09,0.1
2026-01-13 13:36:54,485,"Bitcoin Up or Down - January 13, 12:30AM-12:45AM ET",price_change,UP,0.06,1281,0.09,0.1
2026-01-13 13:36:55,484,"Bitcoin Up or Down - January 13, 12:30AM-12:45AM ET",price_change,UP,0.07,890.21,0.09,0.1
2026-01-13 13:36:56,483,"Bitcoin Up or Down - January 13, 12:30AM-12:45AM ET",price_change,UP,0.09,60.71,0.09,0.1
2026-01-13 13:36:57,482,"Bitcoin Up or Down - January 13, 12:30AM-12:45AM ET",price_change,DOWN,0.82,781.36,0.9,0.91
2026-01-13 13:36:58,481,"Bitcoin Up or Down - January 13, 12:30AM-12:45AM ET",price_change,UP,0.03,2868.85,0.09,0.1
2026-01-13 13:36:59,479,"Bitcoin Up or Down - January 13, 12:30AM-12:45AM ET",price_change,UP,0.05,10857,0.09,0.1
2026-01-13 13:37:01,478,"Bitcoin Up or Down - January 13, 12:30AM-12:45AM ET",price_change,DOWN,0.03,3454.33,0.91,0.92
2026-01-13 13:37:02,477,"Bitcoin Up or Down - January 13, 12:30AM-12:45AM ET",price_change,DOWN,0.91,565.11,0.91,0.92
2026-01-13 13:37:03,476,"Bitcoin Up or Down - January 13, 12:30AM-12:45AM ET",price_change,DOWN,0.91,84,0.91,0.92
2026-01-13 13:37:04,475,"Bitcoin Up or Down - January 13, 12:30AM-12:45AM ET",price_change,DOWN,0.9,2099.63,0.93,0.94
2026-01-13 13:37:05,474,"Bitcoin Up or Down - January 13, 12:30AM-12:45AM ET",price_change,UP,0.05,11358,0.06,0.07
2026-01-13 13:37:06,473,"Bitcoin Up or Down - January 13, 12:30AM-12:45AM ET",price_change,DOWN,0.88,1166.6,0.93,0.94
2026-01-13 13:37:07,472,"Bitcoin Up or Down - January 13, 12:30AM-12:45AM ET",price_change,DOWN,0.94,71.81,0.94,0.95
2026-01-13 13:37:08,471,"Bitcoin Up or Down - January 13, 12:30AM-12:45AM ET",price_change,DOWN,0.91,1062.8,0.94,0.95
2026-01-13 13:37:09,470,"Bitcoin Up or Down - January 13, 12:30AM-12:45AM ET",price_change,DOWN,0.88,1176.6,0.94,0.95
2026-01-13 13:37:10,469,"Bitcoin Up or Down - January 13, 12:30AM-12:45AM ET",price_change,DOWN,0.91,1017.8,0.94,0.95
2026-01-13 13:37:11,468,"Bitcoin Up or Down - January 13, 12:30AM-12:45AM ET",price_change,DOWN,0.01,16774.06,0.94,0.95
2026-01-13 13:37:12,467,"Bitcoin Up or Down - January 13, 12:30AM-12:45AM ET",price_change,UP,0.05,10448.23,0.05,0.06
2026-01-13 13:37:13,466,"Bitcoin Up or Down - January 13, 12:30AM-12:45AM ET",price_change,UP,0.03,3187.85,0.05,0.06
2026-01-13 13:37:14,465,"Bitcoin Up or Down - January 13, 12:30AM-12:45AM ET",price_change,DOWN,0.83,709.39,0.94,0.95
2026-01-13 13:37:15,464,"Bitcoin Up or Down - January 13, 12:30AM-12:45AM ET",price_change,DOWN,0.92,779,0.94,0.95
2026-01-13 13:37:16,463,"Bitcoin Up or Down - January 13, 12:30AM-12:45AM ET",price_change,UP,0.01,17118.23,0.06,0.07
2026-01-13 13:37:17,462,"Bitcoin Up or Down - January 13, 12:30AM-12:45AM ET",price_change,UP,0.01,17188.23,0.06,0.07
2026-01-13 13:37:18,461,"Bitcoin Up or Down - January 13, 12:30AM-12:45AM ET",price_change,DOWN,0.91,1074.8,0.93,0.94
2026-01-13 13:37:19,460,"Bitcoin Up or Down - January 13, 12:30AM-12:45AM ET",price_change,DOWN,0.93,584.59,0.93,0.94
2026-01-13 13:37:20,459,"Bitcoin Up or Down - January 13, 12:30AM-12:45AM ET",price_change,DOWN,0.88,865.6,0.93,0.94
2026-01-13 13:37:21,458,"Bitcoin Up or Down - January 13, 12:30AM-12:45AM ET",price_change,UP,0.01,16887.23,0.06,0.07
2026-01-13 13:37:22,457,"Bitcoin Up or Down - January 13, 12:30AM-12:45AM ET",price_change,DOWN,0.91,1106.8,0.93,0.94
2026-01-13 13:37:23,456,"Bitcoin Up or Down - January 13, 12:30AM-12:45AM ET",price_change,UP,0.04,1021.93,0.06,0.07
2026-01-13 13:37:24,455,"Bitcoin Up or Down - January 13, 12:30AM-12:45AM ET",price_change,DOWN,0.89,1923.7,0.93,0.94
2026-01-13 13:37:25,454,"Bitcoin Up or Down - January 13, 12:30AM-12:45AM ET",price_change,UP,0.06,144.66,0.06,0.07
2026-01-13 13:37:26,453,"Bitcoin Up or Down - January 13, 12:30AM-12:45AM ET",price_change,UP,0.01,16951.67,0.06,0.07
2026-01-13 13:37:27,452,"Bitcoin Up or Down - January 13, 12:30AM-12:45AM ET",price_change,DOWN,0.82,658.6,0.93,0.94
2026-01-13 13:37:28,451,"Bitcoin Up or Down - January 13, 12:30AM-12:45AM ET",price_change,UP,0.05,11007.52,0.06,0.07
2026-01-13 13:37:29,450,"Bitcoin Up or Down - January 13, 12:30AM-12:45AM ET",price_change,UP,0.06,90.38,0.06,0.07
2026-01-13 13:37:30,449,"Bitcoin Up or Down - January 13, 12:30AM-12:45AM ET",price_change,DOWN,0.71,752.3,0.93,0.94
2026-01-13 13:37:31,448,"Bitcoin Up or Down - January 13, 12:30AM-12:45AM ET",price_change,UP,0.06,906.03,0.06,0.07
2026-01-13 13:37:32,447,"Bitcoin Up or Down - January 13, 12:30AM-12:45AM ET",price_change,DOWN,0.9,2377.47,0.91,0.92
2026-01-13 13:37:33,446,"Bitcoin Up or Down - January 13, 12:30AM-12:45AM ET",price_change,DOWN,0.2,189.05,0.91,0.92
2026-01-13 13:37:34,445,"Bitcoin Up or Down - January 13, 12:30AM-12:45AM ET",price_change,DOWN,0.81,757.8,0.91,0.92
2026-01-13 13:37:35,443,"Bitcoin Up or Down - January 13, 12:30AM-12:45AM ET",price_change,DOWN,0.91,447.7,0.91,0.92
2026-01-13 13:37:36,442,"Bitcoin Up or Down - January 13, 12:30AM-12:45AM ET",price_change,UP,0.03,2910.85,0.07,0.08
2026-01-13 13:37:37,441,"Bitcoin Up or Down - January 13, 12:30AM-12:45AM ET",price_change,DOWN,0.88,1046.6,0.92,0.93
2026-01-13 13:37:38,440,"Bitcoin Up or Down - January 13, 12:30AM-12:45AM ET",price_change,UP,0.06,1537.87,0.07,0.08
2026-01-13 13:37:40,438,"Bitcoin Up or Down - January 13, 12:30AM-12:45AM ET",price_change,UP,0.06,1525.87,0.07,0.08
2026-01-13 13:37:42,437,"Bitcoin Up or Down - January 13, 12:30AM-12:45AM ET",price_change,DOWN,0.9,1536.6,0.9,0.92
2026-01-13 13:37:43,436,"Bitcoin Up or Down - January 13, 12:30AM-12:45AM ET",price_change,DOWN,0.91,469.78,0.91,0.92
2026-01-13 13:37:44,435,"Bitcoin Up or Down - January 13, 12:30AM-12:45AM ET",price_change,UP,0.07,563.16,0.07,0.08
2026-01-13 13:37:45,434,"Bitcoin Up or Down - January 13, 12:30AM-12:45AM ET",price_change,DOWN,0.9,1759.1,0.92,0.93
2026-01-13 13:37:46,433,"Bitcoin Up or Down - January 13, 12:30AM-12:45AM ET",price_change,UP,0.05,11474.02,0.07,0.08
2026-01-13 13:37:47,432,"Bitcoin Up or Down - January 13, 12:30AM-12:45AM ET",price_change,DOWN,0.92,60.25,0.92,0.93
2026-01-13 13:37:48,431,"Bitcoin Up or Down - January 13, 12:30AM-12:45AM ET",price_change,DOWN,0.89,2068.7,0.92,0.93
2026-01-13 13:37:49,430,"Bitcoin Up or Down - January 13, 12:30AM-12:45AM ET",price_change,UP,0.04,1124.69,0.07,0.08
2026-01-13 13:37:50,429,"Bitcoin Up or Down - January 13, 12:30AM-12:45AM ET",price_change,DOWN,0.91,683.91,0.91,0.93
2026-01-13 13:37:51,428,"Bitcoin Up or Down - January 13, 12:30AM-12:45AM ET",price_change,DOWN,0.89,2493.7,0.91,0.93
2026-01-13 13:37:52,427,"Bitcoin Up or Down - January 13, 12:30AM-12:45AM ET",price_change,UP,0.07,170.64,0.07,0.09
2026-01-13 13:37:53,426,"Bitcoin Up or Down - January 13, 12:30AM-12:45AM ET",price_change,UP,0.04,1137.59,0.07,0.09
2026-01-13 13:37:54,425,"Bitcoin Up or Down - January 13, 12:30AM-12:45AM ET",price_change,UP,0.06,1388.4,0.07,0.08
2026-01-13 13:37:55,424,"Bitcoin Up or Down - January 13, 12:30AM-12:45AM ET",price_change,DOWN,0.8,457.08,0.92,0.93
2026-01-13 13:37:56,423,"Bitcoin Up or Down - January 13, 12:30AM-12:45AM ET",price_change,DOWN,0.9,1777.68,0.92,0.93
2026-01-13 13:37:57,422,"Bitcoin Up or Down - January 13, 12:30AM-12:45AM ET",price_change,DOWN,0.92,148.5,0.92,0.93
2026-01-13 13:37:58,421,"Bitcoin Up or Down - January 13, 12:30AM-12:45AM ET",price_change,UP,0.01,16951.67,0.07,0.08
2026-01-13 13:37:59,420,"Bitcoin Up or Down - January 13, 12:30AM-12:45AM ET",price_change,DOWN,0.92,893.88,0.92,0.93
2026-01-13 13:38:00,419,"Bitcoin Up or Down - January 13, 12:30AM-12:45AM ET",price_change,UP,0.07,41.95,0.07,0.08
2026-01-13 13:38:01,418,"Bitcoin Up or Down - January 13, 12:30AM-12:45AM ET",price_change,DOWN,0.92,845.88,0.93,0.94
2026-01-13 13:38:02,417,"Bitcoin Up or Down - January 13, 12:30AM-12:45AM ET",price_change,UP,0.05,10564.47,0.05,0.07
2026-01-13 13:38:03,416,"Bitcoin Up or Down - January 13, 12:30AM-12:45AM ET",price_change,DOWN,0.9,2177.91,0.93,0.95
2026-01-13 13:38:04,415,"Bitcoin Up or Down - January 13, 12:30AM-12:45AM ET",price_change,DOWN,0.77,809.96,0.94,0.95
2026-01-13 13:38:05,414,"Bitcoin Up or Down - January 13, 12:30AM-12:45AM ET",price_change,DOWN,0.91,568.52,0.94,0.95
2026-01-13 13:38:06,413,"Bitcoin Up or Down - January 13, 12:30AM-12:45AM ET",price_change,DOWN,0.9,1717.91,0.94,0.95
2026-01-13 13:38:07,412,"Bitcoin Up or Down - January 13, 12:30AM-12:45AM ET",price_change,UP,0.05,9729.86,0.05,0.06
2026-01-13 13:38:08,411,"Bitcoin Up or Down - January 13, 12:30AM-12:45AM ET",price_change,UP,0.03,2947.15,0.05,0.06
2026-01-13 13:38:09,410,"Bitcoin Up or Down - January 13, 12:30AM-12:45AM ET",price_change,DOWN,0.85,721.89,0.94,0.95
2026-01-13 13:38:10,409,"Bitcoin Up or Down - January 13, 12:30AM-12:45AM ET",price_change,UP,0.03,2887.15,0.06,0.07
2026-01-13 13:38:11,408,"Bitcoin Up or Down - January 13, 12:30AM-12:45AM ET",price_change,UP,0.05,8826.41,0.05,0.06
2026-01-13 13:38:12,407,"Bitcoin Up or Down - January 13, 12:30AM-12:45AM ET",price_change,UP,0.04,1272.95,0.05,0.06
2026-01-13 13:38:13,406,"Bitcoin Up or Down - January 13, 12:30AM-12:45AM ET",price_change,UP,0.01,16613.59,0.05,0.06
2026-01-13 13:38:14,405,"Bitcoin Up or Down - January 13, 12:30AM-12:45AM ET",price_change,DOWN,0.9,1747.91,0.94,0.95
2026-01-13 13:38:15,403,"Bitcoin Up or Down - January 13, 12:30AM-12:45AM ET",price_change,DOWN,0.91,1342.24,0.94,0.95
2026-01-13 13:38:16,402,"Bitcoin Up or Down - January 13, 12:30AM-12:45AM ET",price_change,UP,0.01,16644.59,0.05,0.06
2026-01-13 13:38:17,401,"Bitcoin Up or Down - January 13, 12:30AM-12:45AM ET",price_change,DOWN,0.94,76.31,0.94,0.95
2026-01-13 13:38:19,400,"Bitcoin Up or Down - January 13, 12:30AM-12:45AM ET",price_change,DOWN,0.9,1737.91,0.94,0.95
2026-01-13 13:38:20,399,"Bitcoin Up or Down - January 13, 12:30AM-12:45AM ET",price_change,UP,0.01,16945.59,0.05,0.06
2026-01-13 13:38:21,398,"Bitcoin Up or Down - January 13, 12:30AM-12:45AM ET",price_change,DOWN,0.91,1373.24,0.94,0.95
2026-01-13 13:38:22,397,"Bitcoin Up or Down - January 13, 12:30AM-12:45AM ET",price_change,UP,0.05,7632.41,0.05,0.06
2026-01-13 13:38:23,396,"Bitcoin Up or Down - January 13, 12:30AM-12:45AM ET",price_change,UP,0.04,1264.69,0.05,0.06
2026-01-13 13:38:24,395,"Bitcoin Up or Down - January 13, 12:30AM-12:45AM ET",price_change,DOWN,0.83,664.39,0.94,0.95
2026-01-13 13:38:25,394,"Bitcoin Up or Down - January 13, 12:30AM-12:45AM ET",price_change,DOWN,0.92,1874.78,0.94,0.95
2026-01-13 13:38:26,393,"Bitcoin Up or Down - January 13, 12:30AM-12:45AM ET",price_change,UP,0.04,1290.69,0.05,0.06
2026-01-13 13:38:27,392,"Bitcoin Up or Down - January 13, 12:30AM-12:45AM ET",price_change,UP,0.04,1274.19,0.05,0.06
2026-01-13 13:38:28,391,"Bitcoin Up or Down - January 13, 12:30AM-12:45AM ET",price_change,DOWN,0.9,2038.91,0.94,0.95
2026-01-13 13:38:29,390,"Bitcoin Up or Down - January 13, 12:30AM-12:45AM ET",price_change,UP,0.04,1315.69,0.05,0.06
2026-01-13 13:38:30,389,"Bitcoin Up or Down - January 13, 12:30AM-12:45AM ET",price_change,UP,0.01,16638.59,0.05,0.06
2026-01-13 13:38:31,388,"Bitcoin Up or Down - January 13, 12:30AM-12:45AM ET",price_change,UP,0.04,1324.69,0.05,0.06
2026-01-13 13:38:32,387,"Bitcoin Up or Down - January 13, 12:30AM-12:45AM ET",price_change,DOWN,0.92,2289.78,0.94,0.95
2026-01-13 13:38:33,386,"Bitcoin Up or Down - January 13, 12:30AM-12:45AM ET",price_change,UP,0.04,1389.61,0.05,0.06
2026-01-13 13:38:34,385,"Bitcoin Up or Down - January 13, 12:30AM-12:45AM ET",price_change,UP,0.02,103475.21,0.05,0.06
2026-01-13 13:38:35,384,"Bitcoin Up or Down - January 13, 12:30AM-12:45AM ET",price_change,UP,0.03,2537.15,0.05,0.06
2026-01-13 13:38:36,383,"Bitcoin Up or Down - January 13, 12:30AM-12:45AM ET",price_change,UP,0.02,103427.29,0.05,0.06
2026-01-13 13:38:37,382,"Bitcoin Up or Down - January 13, 12:30AM-12:45AM ET",price_change,UP,0.05,6500.53,0.05,0.06
2026-01-13 13:38:38,381,"Bitcoin Up or Down - January 13, 12:30AM-12:45AM ET",price_change,DOWN,0.94,212.12,0.94,0.95
2026-01-13 13:38:39,380,"Bitcoin Up or Down - January 13, 12:30AM-12:45AM ET",price_change,UP,0.04,1262.69,0.05,0.06
2026-01-13 13:38:40,379,"Bitcoin Up or Down - January 13, 12:30AM-12:45AM ET",price_change,UP,0.01,16644.59,0.05,0.06
2026-01-13 13:38:41,378,"Bitcoin Up or Down - January 13, 12:30AM-12:45AM ET",price_change,DOWN,0.93,1963.5,0.94,0.95
2026-01-13 13:38:42,377,"Bitcoin Up or Down - January 13, 12:30AM-12:45AM ET",price_change,UP,0.05,6480.73,0.05,0.06
2026-01-13 13:38:43,376,"Bitcoin Up or Down - January 13, 12:30AM-12:45AM ET",price_change,UP,0.04,1274.69,0.05,0.06
2026-01-13 13:38:45,374,"Bitcoin Up or Down - January 13, 12:30AM-12:45AM ET",price_change,DOWN,0.85,731.89,0.94,0.95
2026-01-13 13:38:46,372,"Bitcoin Up or Down - January 13, 12:30AM-12:45AM ET",price_change,UP,0.01,16618.59,0.05,0.06
2026-01-13 13:38:49,370,"Bitcoin Up or Down - January 13, 12:30AM-12:45AM ET",price_change,DOWN,0.94,1836.2,0.94,0.95
2026-01-13 13:38:50,369,"Bitcoin Up or Down - January 13, 12:30AM-12:45AM ET",price_change,DOWN,0.94,2306.2,0.94,0.95
2026-01-13 13:38:51,368,"Bitcoin Up or Down - January 13, 12:30AM-12:45AM ET",price_change,DOWN,0.94,2713.92,0.94,0.95
2026-01-13 13:38:52,367,"Bitcoin Up or Down - January 13, 12:30AM-12:45AM ET",price_change,DOWN,0.01,16421.22,0.94,0.95
2026-01-13 13:38:53,366,"Bitcoin Up or Down - January 13, 12:30AM-12:45AM ET",price_change,DOWN,0.9,2005.29,0.94,0.95
2026-01-13 13:38:54,365,"Bitcoin Up or Down - January 13, 12:30AM-12:45AM ET",price_change,DOWN,0.94,2728.37,0.94,0.95
2026-01-13 13:38:55,364,"Bitcoin Up or Down - January 13, 12:30AM-12:45AM ET",price_change,UP,0.01,16633.59,0.05,0.06
2026-01-13 13:38:56,363,"Bitcoin Up or Down - January 13, 12:30AM-12:45AM ET",price_change,UP,0.01,16633.59,0.05,0.06
2026-01-13 13:38:57,362,"Bitcoin Up or Down - January 13, 12:30AM-12:45AM ET",price_change,UP,0.01,16558.59,0.05,0.06
2026-01-13 13:38:58,361,"Bitcoin Up or Down - January 13, 12:30AM-12:45AM ET",price_change,UP,0.01,16589.59,0.05,0.06
2026-01-13 13:38:59,360,"Bitcoin Up or Down - January 13, 12:30AM-12:45AM ET",price_change,UP,0.01,16558.59,0.05,0.06
2026-01-13 13:39:00,359,"Bitcoin Up or Down - January 13, 12:30AM-12:45AM ET",price_change,UP,0.05,4364.68,0.05,0.06
2026-01-13 13:39:01,358,"Bitcoin Up or Down - January 13, 12:30AM-12:45AM ET",price_change,DOWN,0.94,1759.17,0.94,0.95
2026-01-13 13:39:02,357,"Bitcoin Up or Down - January 13, 12:30AM-12:45AM ET",price_change,DOWN,0.94,560.48,0.94,0.95
2026-01-13 13:39:04,355,"Bitcoin Up or Down - January 13, 12:30AM-12:45AM ET",price_change,DOWN,0.93,1103.81,0.93,0.94
2026-01-13 13:39:05,354,"Bitcoin Up or Down - January 13, 12:30AM-12:45AM ET",price_change,DOWN,0.73,624.73,0.93,0.95
2026-01-13 13:39:06,353,"Bitcoin Up or Down - January 13, 12:30AM-12:45AM ET",price_change,UP,0.03,2665.3,0.06,0.07
2026-01-13 13:39:07,352,"Bitcoin Up or Down - January 13, 12:30AM-12:45AM ET",price_change,UP,0.01,16647.59,0.05,0.06
2026-01-13 13:39:08,351,"Bitcoin Up or Down - January 13, 12:30AM-12:45AM ET",price_change,DOWN,0.9,1755.39,0.94,0.95
2026-01-13 13:39:09,350,"Bitcoin Up or Down - January 13, 12:30AM-12:45AM ET",price_change,UP,0.01,16518.59,0.05,0.06
2026-01-13 13:39:10,349,"Bitcoin Up or Down - January 13, 12:30AM-12:45AM ET",price_change,DOWN,0.92,1141.78,0.94,0.95
2026-01-13 13:39:11,348,"Bitcoin Up or Down - January 13, 12:30AM-12:45AM ET",price_change,DOWN,0.94,1620,0.94,0.95
2026-01-13 13:39:12,346,"Bitcoin Up or Down - January 13, 12:30AM-12:45AM ET",price_change,DOWN,0.81,812.8,0.94,0.95
2026-01-13 13:39:13,345,"Bitcoin Up or Down - January 13, 12:30AM-12:45AM ET",price_change,DOWN,0.81,807.8,0.94,0.95
2026-01-13 13:39:15,344,"Bitcoin Up or Down - January 13, 12:30AM-12:45AM ET",price_change,UP,0.01,16518.59,0.05,0.06
2026-01-13 13:39:16,343,"Bitcoin Up or Down - January 13, 12:30AM-12:45AM ET",price_change,UP,0.01,16518.59,0.05,0.06
2026-01-13 13:39:17,342,"Bitcoin Up or Down - January 13, 12:30AM-12:45AM ET",price_change,DOWN,0.92,981.78,0.94,0.95
2026-01-13 13:39:18,341,"Bitcoin Up or Down - January 13, 12:30AM-12:45AM ET",price_change,UP,0.01,17043.59,0.05,0.06
2026-01-13 13:39:19,340,"Bitcoin Up or Down - January 13, 12:30AM-12:45AM ET",price_change,UP,0.01,17074.59,0.05,0.06
2026-01-13 13:39:20,339,"Bitcoin Up or Down - January 13, 12:30AM-12:45AM ET",price_change,DOWN,0.9,1749.39,0.94,0.95
2026-01-13 13:39:23,336,"Bitcoin Up or Down - January 13, 12:30AM-12:45AM ET",price_change,DOWN,0.9,1622.47,0.94,0.95
2026-01-13 13:39:24,335,"Bitcoin Up or Down - January 13, 12:30AM-12:45AM ET",price_change,UP,0.01,16290.37,0.05,0.06
2026-01-13 13:39:25,334,"Bitcoin Up or Down - January 13, 12:30AM-12:45AM ET",price_change,UP,0.01,16429.29,0.05,0.06
2026-01-13 13:39:26,333,"Bitcoin Up or Down - January 13, 12:30AM-12:45AM ET",price_change,UP,0.01,16397.29,0.05,0.06
2026-01-13 13:39:27,332,"Bitcoin Up or Down - January 13, 12:30AM-12:45AM ET",price_change,UP,0.01,16397.29,0.05,0.06
2026-01-13 13:39:29,330,"Bitcoin Up or Down - January 13, 12:30AM-12:45AM ET",price_change,UP,0.01,16565.69,0.04,0.05
2026-01-13 13:39:30,329,"Bitcoin Up or Down - January 13, 12:30AM-12:45AM ET",price_change,UP,0.01,15994.69,0.04,0.05
2026-01-13 13:39:31,328,"Bitcoin Up or Down - January 13, 12:30AM-12:45AM ET",price_change,UP,0.03,1170.92,0.04,0.05
2026-01-13 13:39:32,327,"Bitcoin Up or Down - January 13, 12:30AM-12:45AM ET",price_change,DOWN,0.95,2247.37,0.95,0.96
2026-01-13 13:39:33,326,"Bitcoin Up or Down - January 13, 12:30AM-12:45AM ET",price_change,DOWN,0.95,2225.46,0.96,0.97
2026-01-13 13:39:34,325,"Bitcoin Up or Down - January 13, 12:30AM-12:45AM ET",price_change,UP,0.02,101003.29,0.03,0.04
2026-01-13 13:39:35,324,"Bitcoin Up or Down - January 13, 12:30AM-12:45AM ET",price_change,UP,0.01,15951.69,0.03,0.04
2026-01-13 13:39:36,322,"Bitcoin Up or Down - January 13, 12:30AM-12:45AM ET",price_change,DOWN,0.96,384.89,0.96,0.97
2026-01-13 13:39:37,321,"Bitcoin Up or Down - January 13, 12:30AM-12:45AM ET",price_change,DOWN,0.84,875.15,0.96,0.97
2026-01-13 13:39:38,320,"Bitcoin Up or Down - January 13, 12:30AM-12:45AM ET",price_change,DOWN,0.84,870.15,0.96,0.97
2026-01-13 13:39:39,319,"Bitcoin Up or Down - January 13, 12:30AM-12:45AM ET",price_change,DOWN,0.84,775.39,0.96,0.97
2026-01-13 13:39:41,318,"Bitcoin Up or Down - January 13, 12:30AM-12:45AM ET",price_change,DOWN,0.96,350.55,0.96,0.97
2026-01-13 13:39:42,317,"Bitcoin Up or Down - January 13, 12:30AM-12:45AM ET",price_change,DOWN,0.96,123.61,0.96,0.97
2026-01-13 13:39:43,316,"Bitcoin Up or Down - January 13, 12:30AM-12:45AM ET",price_change,DOWN,0.92,1108.86,0.95,0.96
2026-01-13 13:39:44,315,"Bitcoin Up or Down - January 13, 12:30AM-12:45AM ET",price_change,DOWN,0.84,770.39,0.95,0.97
2026-01-13 13:39:45,314,"Bitcoin Up or Down - January 13, 12:30AM-12:45AM ET",price_change,DOWN,0.92,1166.78,0.96,0.97
2026-01-13 13:39:46,313,"Bitcoin Up or Down - January 13, 12:30AM-12:45AM ET",price_change,UP,0.01,16104.99,0.03,0.04
2026-01-13 13:39:47,312,"Bitcoin Up or Down - January 13, 12:30AM-12:45AM ET",price_change,UP,0.01,16008.69,0.03,0.04
2026-01-13 13:39:48,311,"Bitcoin Up or Down - January 13, 12:30AM-12:45AM ET",price_change,DOWN,0.96,0,0.95,0.97
2026-01-13 13:39:49,310,"Bitcoin Up or Down - January 13, 12:30AM-12:45AM ET",price_change,UP,0.03,1631.09,0.03,0.04
2026-01-13 13:39:50,309,"Bitcoin Up or Down - January 13, 12:30AM-12:45AM ET",price_change,UP,0.02,101829.99,0.03,0.04
2026-01-13 13:39:51,308,"Bitcoin Up or Down - January 13, 12:30AM-12:45AM ET",price_change,DOWN,0.87,761.5,0.96,0.97
2026-01-13 13:39:52,307,"Bitcoin Up or Down - January 13, 12:30AM-12:45AM ET",price_change,UP,0.01,15973.69,0.03,0.04
2026-01-13 13:39:53,306,"Bitcoin Up or Down - January 13, 12:30AM-12:45AM ET",price_change,UP,0.04,422.77,0.04,0.05
2026-01-13 13:39:54,305,"Bitcoin Up or Down - January 13, 12:30AM-12:45AM ET",price_change,DOWN,0.82,753.6,0.95,0.96
2026-01-13 13:39:55,304,"Bitcoin Up or Down - January 13, 12:30AM-12:45AM ET",price_change,UP,0.01,15954.69,0.04,0.05
2026-01-13 13:39:56,303,"Bitcoin Up or Down - January 13, 12:30AM-12:45AM ET",price_change,UP,0.01,15954.69,0.04,0.05
2026-01-13 13:39:57,302,"Bitcoin Up or Down - January 13, 12:30AM-12:45AM ET",price_change,DOWN,0.73,619.73,0.95,0.96
2026-01-13 13:39:58,301,"Bitcoin Up or Down - January 13, 12:30AM-12:45AM ET",price_change,UP,0.03,620.78,0.04,0.05
2026-01-13 13:39:59,300,"Bitcoin Up or Down - January 13, 12:30AM-12:45AM ET",price_change,DOWN,0.9,1706.1,0.95,0.96
2026-01-13 13:40:00,299,"Bitcoin Up or Down - January 13, 12:30AM-12:45AM ET",price_change,UP,0.04,716.43,0.04,0.05
2026-01-13 13:40:01,298,"Bitcoin Up or Down - January 13, 12:30AM-12:45AM ET",price_change,UP,0.03,2377.7,0.04,0.05
2026-01-13 13:40:02,297,"Bitcoin Up or Down - January 13, 12:30AM-12:45AM ET",price_change,UP,0.03,1907.7,0.04,0.05
2026-01-13 13:40:03,296,"Bitcoin Up or Down - January 13, 12:30AM-12:45AM ET",price_change,DOWN,0.47,685.2,0.95,0.96
2026-01-13 13:40:04,295,"Bitcoin Up or Down - January 13, 12:30AM-12:45AM ET",price_change,DOWN,0.75,1177.86,0.96,0.97
2026-01-13 13:40:05,294,"Bitcoin Up or Down - January 13, 12:30AM-12:45AM ET",price_change,DOWN,0.94,2844.26,0.97,0.98
2026-01-13 13:40:06,293,"Bitcoin Up or Down - January 13, 12:30AM-12:45AM ET",price_change,DOWN,0.97,75.47,0.97,0.98
2026-01-13 13:40:08,291,"Bitcoin Up or Down - January 13, 12:30AM-12:45AM ET",price_change,DOWN,0.93,1775.95,0.97,0.98
2026-01-13 13:40:09,290,"Bitcoin Up or Down - January 13, 12:30AM-12:45AM ET",price_change,UP,0.01,15909.67,0.02,0.03
2026-01-13 13:40:10,289,"Bitcoin Up or Down - January 13, 12:30AM-12:45AM ET",price_change,DOWN,0.96,673.2,0.97,0.98
2026-01-13 13:40:11,288,"Bitcoin Up or Down - January 13, 12:30AM-12:45AM ET",price_change,DOWN,0.75,1182.86,0.97,0.98
2026-01-13 13:40:12,287,"Bitcoin Up or Down - January 13, 12:30AM-12:45AM ET",price_change,DOWN,0.96,681.2,0.97,0.98
2026-01-13 13:40:13,286,"Bitcoin Up or Down - January 13, 12:30AM-12:45AM ET",price_change,DOWN,0.96,701.2,0.97,0.98
2026-01-13 13:40:15,283,"Bitcoin Up or Down - January 13, 12:30AM-12:45AM ET",price_change,DOWN,0.95,2384.88,0.97,0.98
2026-01-13 13:40:16,282,"Bitcoin Up or Down - January 13, 12:30AM-12:45AM ET",price_change,DOWN,0.95,2375.88,0.97,0.98
2026-01-13 13:40:17,281,"Bitcoin Up or Down - January 13, 12:30AM-12:45AM ET",price_change,DOWN,0.98,856.12,0.98,0.99
2026-01-13 13:40:19,280,"Bitcoin Up or Down - January 13, 12:30AM-12:45AM ET",price_change,DOWN,0.98,1222.86,0.98,0.99
2026-01-13 13:40:20,279,"Bitcoin Up or Down - January 13, 12:30AM-12:45AM ET",price_change,DOWN,0.95,2301.86,0.98,0.99
2026-01-13 13:40:21,278,"Bitcoin Up or Down - January 13, 12:30AM-12:45AM ET",price_change,DOWN,0.95,2338.36,0.98,0.99
2026-01-13 13:40:22,277,"Bitcoin Up or Down - January 13, 12:30AM-12:45AM ET",price_change,DOWN,0.98,2157.4,0.98,0.99
2026-01-13 13:40:23,276,"Bitcoin Up or Down - January 13, 12:30AM-12:45AM ET",price_change,DOWN,0.95,2312.86,0.98,0.99
2026-01-13 13:40:24,275,"Bitcoin Up or Down - January 13, 12:30AM-12:45AM ET",price_change,DOWN,0.96,1074.4,0.98,0.99
2026-01-13 13:40:25,274,"Bitcoin Up or Down - January 13, 12:30AM-12:45AM ET",price_change,DOWN,0.98,2165.81,0.98,0.99
2026-01-13 13:40:26,273,"Bitcoin Up or Down - January 13, 12:30AM-12:45AM ET",price_change,DOWN,0.96,1042.4,0.98,0.99
2026-01-13 13:40:27,272,"Bitcoin Up or Down - January 13, 12:30AM-12:45AM ET",price_change,DOWN,0.93,1730.95,0.98,0.99
2026-01-13 13:40:28,271,"Bitcoin Up or Down - January 13, 12:30AM-12:45AM ET",price_change,DOWN,0.95,2810.94,0.98,0.99
2026-01-13 13:40:29,270,"Bitcoin Up or Down - January 13, 12:30AM-12:45AM ET",price_change,UP,0.01,16255.29,0.01,0.02
2026-01-13 13:40:30,269,"Bitcoin Up or Down - January 13, 12:30AM-12:45AM ET",price_change,DOWN,0.88,855.6,0.98,0.99
2026-01-13 13:40:31,268,"Bitcoin Up or Down - January 13, 12:30AM-12:45AM ET",price_change,DOWN,0.96,804.52,0.98,0.99
2026-01-13 13:40:32,267,"Bitcoin Up or Down - January 13, 12:30AM-12:45AM ET",price_change,UP,0.01,15196.27,0.01,0.02
2026-01-13 13:40:33,266,"Bitcoin Up or Down - January 13, 12:30AM-12:45AM ET",price_change,UP,0.01,13890.27,0.01,0.02
2026-01-13 13:40:34,265,"Bitcoin Up or Down - January 13, 12:30AM-12:45AM ET",price_change,DOWN,0.96,798.52,0.98,0.99
2026-01-13 13:40:35,264,"Bitcoin Up or Down - January 13, 12:30AM-12:45AM ET",price_change,DOWN,0.8,557.08,0.98,0.99
2026-01-13 13:40:36,263,"Bitcoin Up or Down - January 13, 12:30AM-12:45AM ET",price_change,DOWN,0.76,782.9,0.98,0.99
2026-01-13 13:40:37,262,"Bitcoin Up or Down - January 13, 12:30AM-12:45AM ET",price_change,DOWN,0.97,4346.58,0.98,0.99
2026-01-13 13:40:38,261,"Bitcoin Up or Down - January 13, 12:30AM-12:45AM ET",price_change,DOWN,0.96,876.32,0.98,0.99
2026-01-13 13:40:39,260,"Bitcoin Up or Down - January 13, 12:30AM-12:45AM ET",price_change,DOWN,0.98,1829.18,0.98,0.99
2026-01-13 13:40:41,258,"Bitcoin Up or Down - January 13, 12:30AM-12:45AM ET",price_change,DOWN,0.98,2266.15,0.98,0.99
2026-01-13 13:40:42,257,"Bitcoin Up or Down - January 13, 12:30AM-12:45AM ET",price_change,DOWN,0.98,1711.1,0.98,0.99
2026-01-13 13:40:43,256,"Bitcoin Up or Down - January 13, 12:30AM-12:45AM ET",price_change,DOWN,0.98,1766.19,0.98,0.99
2026-01-13 13:40:44,255,"Bitcoin Up or Down - January 13, 12:30AM-12:45AM ET",price_change,DOWN,0.98,1737.15,0.98,0.99
2026-01-13 13:40:45,254,"Bitcoin Up or Down - January 13, 12:30AM-12:45AM ET",price_change,DOWN,0.97,5149.98,0.98,0.99
2026-01-13 13:40:46,253,"Bitcoin Up or Down - January 13, 12:30AM-12:45AM ET",price_change,DOWN,0.97,4772.28,0.98,0.99
2026-01-13 13:40:47,252,"Bitcoin Up or Down - January 13, 12:30AM-12:45AM ET",price_change,DOWN,0.97,4763.28,0.98,0.99
2026-01-13 13:40:48,251,"Bitcoin Up or Down - January 13, 12:30AM-12:45AM ET",price_change,DOWN,0.98,431.74,0.98,0.99
2026-01-13 13:40:49,250,"Bitcoin Up or Down - January 13, 12:30AM-12:45AM ET",price_change,DOWN,0.98,420.6,0.98,0.99
2026-01-13 13:40:50,249,"Bitcoin Up or Down - January 13, 12:30AM-12:45AM ET",price_change,DOWN,0.94,1889.67,0.98,0.99
2026-01-13 13:40:51,248,"Bitcoin Up or Down - January 13, 12:30AM-12:45AM ET",price_change,DOWN,0.98,851.17,0.98,0.99
2026-01-13 13:40:52,247,"Bitcoin Up or Down - January 13, 12:30AM-12:45AM ET",price_change,DOWN,0.98,2355.23,0.98,0.99
2026-01-13 13:40:53,246,"Bitcoin Up or Down - January 13, 12:30AM-12:45AM ET",price_change,DOWN,0.98,3375.23,0.98,0.99
2026-01-13 13:40:54,245,"Bitcoin Up or Down - January 13, 12:30AM-12:45AM ET",price_change,DOWN,0.98,3365.22,0.98,0.99
2026-01-13 13:40:55,244,"Bitcoin Up or Down - January 13, 12:30AM-12:45AM ET",price_change,DOWN,0.98,3587.27,0.98,0.99
2026-01-13 13:40:56,243,"Bitcoin Up or Down - January 13, 12:30AM-12:45AM ET",price_change,DOWN,0.98,2606.12,0.98,0.99
2026-01-13 13:40:57,242,"Bitcoin Up or Down - January 13, 12:30AM-12:45AM ET",price_change,DOWN,0.98,3105.06,0.98,0.99
2026-01-13 13:40:58,241,"Bitcoin Up or Down - January 13, 12:30AM-12:45AM ET",price_change,DOWN,0.89,839.39,0.98,0.99
2026-01-13 13:41:00,239,"Bitcoin Up or Down - January 13, 12:30AM-12:45AM ET",price_change,DOWN,0.96,1032.2,0.98,0.99
2026-01-13 13:41:01,238,"Bitcoin Up or Down - January 13, 12:30AM-12:45AM ET",price_change,DOWN,0.98,5221.29,0.98,0.99
2026-01-13 13:41:02,237,"Bitcoin Up or Down - January 13, 12:30AM-12:45AM ET",price_change,DOWN,0.91,639.85,0.98,0.99
2026-01-13 13:41:03,236,"Bitcoin Up or Down - January 13, 12:30AM-12:45AM ET",price_change,DOWN,0.98,5271.69,0.98,0.99
2026-01-13 13:41:04,235,"Bitcoin Up or Down - January 13, 12:30AM-12:45AM ET",price_change,UP,0.01,2669.37,0.01,0.02
2026-01-13 13:41:05,234,"Bitcoin Up or Down - January 13, 12:30AM-12:45AM ET",price_change,DOWN,0.89,679.97,0.98,0.99
2026-01-13 13:41:06,233,"Bitcoin Up or Down - January 13, 12:30AM-12:45AM ET",price_change,UP,0.01,2570.9,0.01,0.02
2026-01-13 13:41:07,231,"Bitcoin Up or Down - January 13, 12:30AM-12:45AM ET",price_change,DOWN,0.93,1459.12,0.98,0.99
2026-01-13 13:41:08,230,"Bitcoin Up or Down - January 13, 12:30AM-12:45AM ET",price_change,DOWN,0.93,1512.45,0.98,0.99
2026-01-13 13:41:11,228,"Bitcoin Up or Down - January 13, 12:30AM-12:45AM ET",price_change,DOWN,0.96,1153.12,0.99,0.998
2026-01-13 13:41:13,226,"Bitcoin Up or Down - January 13, 12:30AM-12:45AM ET",price_change,DOWN,0.98,6529.45,0.991,0.998
2026-01-13 13:41:14,225,"Bitcoin Up or Down - January 13, 12:30AM-12:45AM ET",price_change,DOWN,0.96,1153.12,0.991,0.998
2026-01-13 13:41:15,224,"Bitcoin Up or Down - January 13, 12:30AM-12:45AM ET",price_change,DOWN,0.96,1153.12,0.991,0.998
2026-01-13 13:41:16,223,"Bitcoin Up or Down - January 13, 12:30AM-12:45AM ET",price_change,DOWN,0.88,549.6,0.991,0.998
2026-01-13 13:41:17,222,"Bitcoin Up or Down - January 13, 12:30AM-12:45AM ET",price_change,DOWN,0.991,1610,0.991,0.998
2026-01-13 13:41:18,221,"Bitcoin Up or Down - January 13, 12:30AM-12:45AM ET",price_change,DOWN,0.88,549.6,0.991,0.998
2026-01-13 13:41:19,220,"Bitcoin Up or Down - January 13, 12:30AM-12:45AM ET",price_change,DOWN,0.88,549.6,0.991,0.998
2026-01-13 13:41:20,219,"Bitcoin Up or Down - January 13, 12:30AM-12:45AM ET",price_change,DOWN,0.88,549.6,0.991,0.998
2026-01-13 13:41:21,218,"Bitcoin Up or Down - January 13, 12:30AM-12:45AM ET",price_change,DOWN,0.98,4301.64,0.991,0.998
2026-01-13 13:41:22,217,"Bitcoin Up or Down - January 13, 12:30AM-12:45AM ET",price_change,DOWN,0.88,549.6,0.991,0.998
2026-01-13 13:41:23,216,"Bitcoin Up or Down - January 13, 12:30AM-12:45AM ET",price_change,DOWN,0.87,553.54,0.991,0.998
2026-01-13 13:41:24,215,"Bitcoin Up or Down - January 13, 12:30AM-12:45AM ET",price_change,DOWN,0.98,4221.56,0.991,0.998
2026-01-13 13:41:25,214,"Bitcoin Up or Down - January 13, 12:30AM-12:45AM ET",price_change,DOWN,0.91,644.34,0.991,0.998
2026-01-13 13:41:26,213,"Bitcoin Up or Down - January 13, 12:30AM-12:45AM ET",price_change,DOWN,0.96,1133.12,0.991,0.998
2026-01-13 13:41:27,212,"Bitcoin Up or Down - January 13, 12:30AM-12:45AM ET",price_change,DOWN,0.66,395.8,0.991,0.998
2026-01-13 13:41:28,211,"Bitcoin Up or Down - January 13, 12:30AM-12:45AM ET",price_change,DOWN,0.99,11866.5,0.991,0.998
2026-01-13 13:41:30,209,"Bitcoin Up or Down - January 13, 12:30AM-12:45AM ET",price_change,DOWN,0.98,3224.43,0.991,0.998
2026-01-13 13:41:31,207,"Bitcoin Up or Down - January 13, 12:30AM-12:45AM ET",price_change,DOWN,0.991,1496.86,0.991,0.998
2026-01-13 13:41:32,206,"Bitcoin Up or Down - January 13, 12:30AM-12:45AM ET",price_change,DOWN,0.99,12296.5,0.991,0.998
2026-01-13 13:41:35,204,"Bitcoin Up or Down - January 13, 12:30AM-12:45AM ET",price_change,DOWN,0.99,12207.64,0.991,0.998
2026-01-13 13:41:36,203,"Bitcoin Up or Down - January 13, 12:30AM-12:45AM ET",price_change,DOWN,0.99,12226.64,0.991,0.998
2026-01-13 13:41:37,202,"Bitcoin Up or Down - January 13, 12:30AM-12:45AM ET",price_change,DOWN,0.99,14670.74,0.991,0.998
2026-01-13 13:41:38,201,"Bitcoin Up or Down - January 13, 12:30AM-12:45AM ET",price_change,DOWN,0.98,3289.16,0.991,0.998
2026-01-13 13:41:39,200,"Bitcoin Up or Down - January 13, 12:30AM-12:45AM ET",price_change,DOWN,0.96,1120.12,0.991,0.998
2026-01-13 13:41:40,199,"Bitcoin Up or Down - January 13, 12:30AM-12:45AM ET",price_change,DOWN,0.99,15895.15,0.991,0.998
2026-01-13 13:41:41,198,"Bitcoin Up or Down - January 13, 12:30AM-12:45AM ET",price_change,DOWN,0.98,3228.16,0.991,0.998
2026-01-13 13:41:42,197,"Bitcoin Up or Down - January 13, 12:30AM-12:45AM ET",price_change,DOWN,0.98,3196.16,0.991,0.998
2026-01-13 13:41:43,196,"Bitcoin Up or Down - January 13, 12:30AM-12:45AM ET",price_change,DOWN,0.98,3316.76,0.991,0.998
2026-01-13 13:41:44,195,"Bitcoin Up or Down - January 13, 12:30AM-12:45AM ET",price_change,DOWN,0.96,1120.12,0.991,0.998
2026-01-13 13:41:46,193,"Bitcoin Up or Down - January 13, 12:30AM-12:45AM ET",price_change,DOWN,0.99,16789.65,0.991,0.998
2026-01-13 13:41:47,192,"Bitcoin Up or Down - January 13, 12:30AM-12:45AM ET",price_change,DOWN,0.99,16789.65,0.991,0.998
2026-01-13 13:41:48,191,"Bitcoin Up or Down - January 13, 12:30AM-12:45AM ET",price_change,DOWN,0.98,3215.76,0.991,0.998
2026-01-13 13:41:49,190,"Bitcoin Up or Down - January 13, 12:30AM-12:45AM ET",price_change,DOWN,0.97,3868.38,0.991,0.998
2026-01-13 13:41:50,189,"Bitcoin Up or Down - January 13, 12:30AM-12:45AM ET",price_change,DOWN,0.98,3196.76,0.991,0.997
2026-01-13 13:41:51,188,"Bitcoin Up or Down - January 13, 12:30AM-12:45AM ET",price_change,DOWN,0.98,3216.76,0.991,0.997
2026-01-13 13:41:52,186,"Bitcoin Up or Down - January 13, 12:30AM-12:45AM ET",price_change,DOWN,0.78,507.6,0.991,0.997
2026-01-13 13:41:54,185,"Bitcoin Up or Down - January 13, 12:30AM-12:45AM ET",price_change,DOWN,0.89,657.7,0.991,0.997
2026-01-13 13:41:55,184,"Bitcoin Up or Down - January 13, 12:30AM-12:45AM ET",price_change,DOWN,0.87,543.74,0.991,0.997
2026-01-13 13:41:56,183,"Bitcoin Up or Down - January 13, 12:30AM-12:45AM ET",price_change,DOWN,0.87,543.74,0.991,0.997
2026-01-13 13:41:57,182,"Bitcoin Up or Down - January 13, 12:30AM-12:45AM ET",price_change,DOWN,0.99,16850.65,0.991,0.997
2026-01-13 13:41:58,181,"Bitcoin Up or Down - January 13, 12:30AM-12:45AM ET",price_change,DOWN,0.82,512.4,0.991,0.997
2026-01-13 13:41:59,180,"Bitcoin Up or Down - January 13, 12:30AM-12:45AM ET",price_change,DOWN,0.99,17139.51,0.991,0.997
2026-01-13 13:42:00,178,"Bitcoin Up or Down - January 13, 12:30AM-12:45AM ET",price_change,DOWN,0.98,3336.76,0.991,0.997
2026-01-13 13:42:02,177,"Bitcoin Up or Down - January 13, 12:30AM-12:45AM ET",price_change,DOWN,0.91,754.32,0.991,0.997
2026-01-13 13:42:03,176,"Bitcoin Up or Down - January 13, 12:30AM-12:45AM ET",price_change,DOWN,0.91,524.32,0.991,0.997
2026-01-13 13:42:04,175,"Bitcoin Up or Down - January 13, 12:30AM-12:45AM ET",price_change,DOWN,0.969,420,0.991,0.997
2026-01-13 13:42:06,173,"Bitcoin Up or Down - January 13, 12:30AM-12:45AM ET",price_change,DOWN,0.99,16211.32,0.99,0.997
2026-01-13 13:42:07,172,"Bitcoin Up or Down - January 13, 12:30AM-12:45AM ET",price_change,DOWN,0.97,3922.38,0.99,0.997
2026-01-13 13:42:08,171,"Bitcoin Up or Down - January 13, 12:30AM-12:45AM ET",price_change,DOWN,0.99,11190.46,0.991,0.997
2026-01-13 13:42:09,170,"Bitcoin Up or Down - January 13, 12:30AM-12:45AM ET",price_change,DOWN,0.99,11212.46,0.991,0.997
2026-01-13 13:42:10,169,"Bitcoin Up or Down - January 13, 12:30AM-12:45AM ET",price_change,DOWN,0.97,3887.38,0.991,0.997
2026-01-13 13:42:11,168,"Bitcoin Up or Down - January 13, 12:30AM-12:45AM ET",price_change,DOWN,0.97,3891.38,0.991,0.997
2026-01-13 13:42:13,166,"Bitcoin Up or Down - January 13, 12:30AM-12:45AM ET",price_change,DOWN,0.99,11107.46,0.992,0.997
2026-01-13 13:42:14,165,"Bitcoin Up or Down - January 13, 12:30AM-12:45AM ET",price_change,DOWN,0.99,11207.46,0.992,0.997
2026-01-13 13:42:16,163,"Bitcoin Up or Down - January 13, 12:30AM-12:45AM ET",price_change,DOWN,0.78,497.6,0.992,0.997
2026-01-13 13:42:17,162,"Bitcoin Up or Down - January 13, 12:30AM-12:45AM ET",price_change,DOWN,0.97,3951.38,0.992,0.997
2026-01-13 13:42:18,161,"Bitcoin Up or Down - January 13, 12:30AM-12:45AM ET",price_change,DOWN,0.98,3931.76,0.992,0.997
2026-01-13 13:42:19,160,"Bitcoin Up or Down - January 13, 12:30AM-12:45AM ET",price_change,DOWN,0.98,3986.76,0.992,0.997
2026-01-13 13:42:20,159,"Bitcoin Up or Down - January 13, 12:30AM-12:45AM ET",price_change,DOWN,0.98,3984.76,0.992,0.997
2026-01-13 13:42:21,158,"Bitcoin Up or Down - January 13, 12:30AM-12:45AM ET",price_change,DOWN,0.98,3955.76,0.992,0.997
2026-01-13 13:42:22,157,"Bitcoin Up or Down - January 13, 12:30AM-12:45AM ET",price_change,DOWN,0.97,4371.38,0.992,0.997
2026-01-13 13:42:23,156,"Bitcoin Up or Down - January 13, 12:30AM-12:45AM ET",price_change,DOWN,0.79,492.8,0.993,0.997
2026-01-13 13:42:24,155,"Bitcoin Up or Down - January 13, 12:30AM-12:45AM ET",price_change,DOWN,0.91,604.32,0.993,0.997
2026-01-13 13:42:26,153,"Bitcoin Up or Down - January 13, 12:30AM-12:45AM ET",price_change,DOWN,0.99,11345.38,0.993,0.997
2026-01-13 13:42:27,152,"Bitcoin Up or Down - January 13, 12:30AM-12:45AM ET",price_change,DOWN,0.99,11505.38,0.993,0.997
2026-01-13 13:42:28,151,"Bitcoin Up or Down - January 13, 12:30AM-12:45AM ET",price_change,DOWN,0.99,11225.38,0.994,0.997
2026-01-13 13:42:29,150,"Bitcoin Up or Down - January 13, 12:30AM-12:45AM ET",price_change,DOWN,0.83,508.39,0.994,0.997
2026-01-13 13:42:30,149,"Bitcoin Up or Down - January 13, 12:30AM-12:45AM ET",price_change,DOWN,0.99,11411.28,0.995,0.997
2026-01-13 13:42:31,148,"Bitcoin Up or Down - January 13, 12:30AM-12:45AM ET",price_change,DOWN,0.85,430.69,0.995,0.997
2026-01-13 13:42:32,147,"Bitcoin Up or Down - January 13, 12:30AM-12:45AM ET",price_change,DOWN,0.97,3994.3,0.995,0.997
2026-01-13 13:42:33,146,"Bitcoin Up or Down - January 13, 12:30AM-12:45AM ET",price_change,DOWN,0.97,4046.3,0.995,0.997
2026-01-13 13:42:34,145,"Bitcoin Up or Down - January 13, 12:30AM-12:45AM ET",price_change,UP,0.002,1387.63,0.002,0.005
2026-01-13 13:42:36,143,"Bitcoin Up or Down - January 13, 12:30AM-12:45AM ET",price_change,DOWN,0.96,543.2,0.996,0.998
2026-01-13 13:42:37,142,"Bitcoin Up or Down - January 13, 12:30AM-12:45AM ET",price_change,DOWN,0.99,11093.51,0.996,0.998
2026-01-13 13:42:38,141,"Bitcoin Up or Down - January 13, 12:30AM-12:45AM ET",price_change,DOWN,0.96,568.2,0.997,0.998
2026-01-13 13:42:39,140,"Bitcoin Up or Down - January 13, 12:30AM-12:45AM ET",price_change,DOWN,0.79,397.8,0.997,0.998
2026-01-13 13:42:40,139,"Bitcoin Up or Down - January 13, 12:30AM-12:45AM ET",price_change,DOWN,0.99,11195.51,0.997,0.998
2026-01-13 13:42:41,138,"Bitcoin Up or Down - January 13, 12:30AM-12:45AM ET",price_change,DOWN,0.99,11213.37,0.997,0.998
2026-01-13 13:42:42,137,"Bitcoin Up or Down - January 13, 12:30AM-12:45AM ET",price_change,DOWN,0.97,3946.38,0.997,0.998
2026-01-13 13:42:43,135,"Bitcoin Up or Down - January 13, 12:30AM-12:45AM ET",price_change,DOWN,0.88,449.6,0.997,0.998
2026-01-13 13:42:45,134,"Bitcoin Up or Down - January 13, 12:30AM-12:45AM ET",price_change,DOWN,0.88,449.6,0.997,0.998
2026-01-13 13:42:46,133,"Bitcoin Up or Down - January 13, 12:30AM-12:45AM ET",price_change,DOWN,0.88,449.6,0.997,0.998
2026-01-13 13:42:47,132,"Bitcoin Up or Down - January 13, 12:30AM-12:45AM ET",price_change,DOWN,0.99,11190.42,0.998,0.999
2026-01-13 13:42:48,131,"Bitcoin Up or Down - January 13, 12:30AM-12:45AM ET",price_change,DOWN,0.99,11195.51,0.998,0.999
2026-01-13 13:42:49,130,"Bitcoin Up or Down - January 13, 12:30AM-12:45AM ET",price_change,DOWN,0.99,11195.51,0.998,0.999
2026-01-13 13:42:50,129,"Bitcoin Up or Down - January 13, 12:30AM-12:45AM ET",price_change,DOWN,0.85,430.69,0.998,0.999
2026-01-13 13:42:51,128,"Bitcoin Up or Down - January 13, 12:30AM-12:45AM ET",price_change,DOWN,0.88,449.6,0.998,0.999
2026-01-13 13:42:52,127,"Bitcoin Up or Down - January 13, 12:30AM-12:45AM ET",price_change,DOWN,0.88,449.6,0.998,0.999
2026-01-13 13:42:53,125,"Bitcoin Up or Down - January 13, 12:30AM-12:45AM ET",price_change,DOWN,0.88,454.6,0.998,0.999
2026-01-13 13:42:54,124,"Bitcoin Up or Down - January 13, 12:30AM-12:45AM ET",price_change,DOWN,0.99,11695.51,0.998,0.999
2026-01-13 13:42:56,123,"Bitcoin Up or Down - January 13, 12:30AM-12:45AM ET",price_change,DOWN,0.96,554.2,0.998,0.999
2026-01-13 13:42:57,122,"Bitcoin Up or Down - January 13, 12:30AM-12:45AM ET",price_change,DOWN,0.99,11750.51,0.998,0.999
2026-01-13 13:42:58,121,"Bitcoin Up or Down - January 13, 12:30AM-12:45AM ET",price_change,DOWN,0.99,11745.42,0.998,0.999
2026-01-13 13:42:59,120,"Bitcoin Up or Down - January 13, 12:30AM-12:45AM ET",price_change,DOWN,0.99,11875.46,0.998,0.999
2026-01-13 13:42:59,119,"Bitcoin Up or Down - January 13, 12:30AM-12:45AM ET",price_change,DOWN,0.99,11876.42,0.998,0.999
2026-01-13 13:43:01,118,"Bitcoin Up or Down - January 13, 12:30AM-12:45AM ET",price_change,DOWN,0.99,12255.82,0.998,0.999
2026-01-13 13:43:02,117,"Bitcoin Up or Down - January 13, 12:30AM-12:45AM ET",price_change,DOWN,0.94,1934.25,0.998,0.999
2026-01-13 13:43:02,116,"Bitcoin Up or Down - January 13, 12:30AM-12:45AM ET",price_change,DOWN,0.99,12244.68,0.998,0.999
2026-01-13 13:43:04,115,"Bitcoin Up or Down - January 13, 12:30AM-12:45AM ET",price_change,DOWN,0.99,12300.73,0.998,0.999
2026-01-13 13:43:05,114,"Bitcoin Up or Down - January 13, 12:30AM-12:45AM ET",price_change,DOWN,0.99,12263.68,0.998,0.999
2026-01-13 13:43:06,113,"Bitcoin Up or Down - January 13, 12:30AM-12:45AM ET",price_change,DOWN,0.99,12363.68,0.998,0.999
2026-01-13 13:43:07,112,"Bitcoin Up or Down - January 13, 12:30AM-12:45AM ET",price_change,DOWN,0.99,14366.46,0.998,0.999
2026-01-13 13:43:08,111,"Bitcoin Up or Down - January 13, 12:30AM-12:45AM ET",price_change,DOWN,0.99,14361.37,0.998,0.999
2026-01-13 13:43:09,110,"Bitcoin Up or Down - January 13, 12:30AM-12:45AM ET",price_change,DOWN,0.99,14366.46,0.998,0.999
2026-01-13 13:43:10,109,"Bitcoin Up or Down - January 13, 12:30AM-12:45AM ET",price_change,DOWN,0.99,14366.46,0.998,0.999
2026-01-13 13:43:11,108,"Bitcoin Up or Down - January 13, 12:30AM-12:45AM ET",price_change,DOWN,0.99,14372.51,0.998,0.999
2026-01-13 13:43:12,107,"Bitcoin Up or Down - January 13, 12:30AM-12:45AM ET",price_change,DOWN,0.99,14461.37,0.998,0.999
2026-01-13 13:43:13,106,"Bitcoin Up or Down - January 13, 12:30AM-12:45AM ET",price_change,DOWN,0.99,14436.42,0.998,0.999
2026-01-13 13:43:14,104,"Bitcoin Up or Down - January 13, 12:30AM-12:45AM ET",price_change,DOWN,0.99,14585.43,0.998,0.999
2026-01-13 13:43:15,103,"Bitcoin Up or Down - January 13, 12:30AM-12:45AM ET",price_change,DOWN,0.99,14689.29,0.998,0.999
2026-01-13 13:43:16,102,"Bitcoin Up or Down - January 13, 12:30AM-12:45AM ET",price_change,DOWN,0.79,397.8,0.998,0.999
2026-01-13 13:43:18,101,"Bitcoin Up or Down - January 13, 12:30AM-12:45AM ET",price_change,DOWN,0.88,449.6,0.998,0.999
2026-01-13 13:43:19,100,"Bitcoin Up or Down - January 13, 12:30AM-12:45AM ET",price_change,DOWN,0.99,14967.34,0.998,0.999
2026-01-13 13:43:20,99,"Bitcoin Up or Down - January 13, 12:30AM-12:45AM ET",price_change,DOWN,0.99,14994.43,0.998,0.999
2026-01-13 13:43:21,98,"Bitcoin Up or Down - January 13, 12:30AM-12:45AM ET",price_change,DOWN,0.88,449.6,0.998,0.999
2026-01-13 13:43:22,97,"Bitcoin Up or Down - January 13, 12:30AM-12:45AM ET",price_change,DOWN,0.88,449.6,0.998,0.999
2026-01-13 13:43:23,96,"Bitcoin Up or Down - January 13, 12:30AM-12:45AM ET",price_change,DOWN,0.99,14980.29,0.998,0.999
2026-01-13 13:43:24,95,"Bitcoin Up or Down - January 13, 12:30AM-12:45AM ET",price_change,DOWN,0.83,428.19,0.998,0.999
2026-01-13 13:43:25,94,"Bitcoin Up or Down - January 13, 12:30AM-12:45AM ET",price_change,DOWN,0.99,14951.29,0.998,0.999
2026-01-13 13:43:26,93,"Bitcoin Up or Down - January 13, 12:30AM-12:45AM ET",price_change,DOWN,0.94,1913.25,0.998,0.999
2026-01-13 13:43:27,92,"Bitcoin Up or Down - January 13, 12:30AM-12:45AM ET",price_change,DOWN,0.99,15112.12,0.998,0.999
2026-01-13 13:43:28,91,"Bitcoin Up or Down - January 13, 12:30AM-12:45AM ET",price_change,DOWN,0.9,1391.62,0.998,0.999
2026-01-13 13:43:29,89,"Bitcoin Up or Down - January 13, 12:30AM-12:45AM ET",price_change,DOWN,0.79,397.8,0.998,0.999
2026-01-13 13:43:30,88,"Bitcoin Up or Down - January 13, 12:30AM-12:45AM ET",price_change,DOWN,0.99,15072.21,0.998,0.999
2026-01-13 13:43:32,87,"Bitcoin Up or Down - January 13, 12:30AM-12:45AM ET",price_change,DOWN,0.99,15017.43,0.998,0.999
2026-01-13 13:43:33,86,"Bitcoin Up or Down - January 13, 12:30AM-12:45AM ET",price_change,DOWN,0.99,15136.43,0.998,0.999
2026-01-13 13:43:34,85,"Bitcoin Up or Down - January 13, 12:30AM-12:45AM ET",price_change,DOWN,0.99,15029.51,0.998,0.999
2026-01-13 13:43:35,84,"Bitcoin Up or Down - January 13, 12:30AM-12:45AM ET",price_change,DOWN,0.99,15035.46,0.998,0.999
2026-01-13 13:43:36,83,"Bitcoin Up or Down - January 13, 12:30AM-12:45AM ET",price_change,DOWN,0.99,15035.46,0.998,0.999
2026-01-13 13:43:37,82,"Bitcoin Up or Down - January 13, 12:30AM-12:45AM ET",price_change,DOWN,0.99,15030.37,0.998,0.999
2026-01-13 13:43:38,81,"Bitcoin Up or Down - January 13, 12:30AM-12:45AM ET",price_change,DOWN,0.99,17341.51,0.998,0.999
2026-01-13 13:43:39,80,"Bitcoin Up or Down - January 13, 12:30AM-12:45AM ET",price_change,DOWN,0.87,448.74,0.998,0.999
2026-01-13 13:43:40,79,"Bitcoin Up or Down - January 13, 12:30AM-12:45AM ET",price_change,DOWN,0.87,443.74,0.998,0.999
2026-01-13 13:43:41,78,"Bitcoin Up or Down - January 13, 12:30AM-12:45AM ET",price_change,DOWN,0.99,17406.42,0.998,0.999
2026-01-13 13:43:42,77,"Bitcoin Up or Down - January 13, 12:30AM-12:45AM ET",price_change,DOWN,0.99,17406.47,0.998,0.999
2026-01-13 13:43:43,76,"Bitcoin Up or Down - January 13, 12:30AM-12:45AM ET",price_change,DOWN,0.99,17941.56,0.998,0.999
2026-01-13 13:43:43,75,"Bitcoin Up or Down - January 13, 12:30AM-12:45AM ET",price_change,DOWN,0.99,17927.61,0.998,0.999
2026-01-13 13:43:45,74,"Bitcoin Up or Down - January 13, 12:30AM-12:45AM ET",price_change,DOWN,0.51,2612.07,0.998,0.999
2026-01-13 13:43:47,72,"Bitcoin Up or Down - January 13, 12:30AM-12:45AM ET",price_change,DOWN,0.9,1386.62,0.995,0.999
2026-01-13 13:43:48,71,"Bitcoin Up or Down - January 13, 12:30AM-12:45AM ET",price_change,DOWN,0.98,3567.94,0.995,0.999
2026-01-13 13:43:49,70,"Bitcoin Up or Down - January 13, 12:30AM-12:45AM ET",price_change,DOWN,0.99,17990.56,0.995,0.999
2026-01-13 13:43:50,69,"Bitcoin Up or Down - January 13, 12:30AM-12:45AM ET",price_change,DOWN,0.99,18011.52,0.995,0.999
2026-01-13 13:43:51,68,"Bitcoin Up or Down - January 13, 12:30AM-12:45AM ET",price_change,DOWN,0.99,18096.61,0.993,0.999
2026-01-13 13:43:52,67,"Bitcoin Up or Down - January 13, 12:30AM-12:45AM ET",price_change,DOWN,0.99,18091.52,0.993,0.999
2026-01-13 13:43:54,65,"Bitcoin Up or Down - January 13, 12:30AM-12:45AM ET",price_change,DOWN,0.96,493.2,0.996,0.999
2026-01-13 13:43:55,64,"Bitcoin Up or Down - January 13, 12:30AM-12:45AM ET",price_change,DOWN,0.96,493.2,0.996,0.999
2026-01-13 13:43:56,63,"Bitcoin Up or Down - January 13, 12:30AM-12:45AM ET",price_change,DOWN,0.99,15426.96,0.996,0.999
2026-01-13 13:43:57,62,"Bitcoin Up or Down - January 13, 12:30AM-12:45AM ET",price_change,DOWN,0.99,15426.96,0.996,0.999
2026-01-13 13:43:58,61,"Bitcoin Up or Down - January 13, 12:30AM-12:45AM ET",price_change,DOWN,0.99,15438.1,0.996,0.999
2026-01-13 13:43:59,60,"Bitcoin Up or Down - January 13, 12:30AM-12:45AM ET",price_change,DOWN,0.99,15433.01,0.996,0.999
2026-01-13 13:44:00,59,"Bitcoin Up or Down - January 13, 12:30AM-12:45AM ET",price_change,DOWN,0.99,15406.96,0.996,0.999
2026-01-13 13:44:02,57,"Bitcoin Up or Down - January 13, 12:30AM-12:45AM ET",price_change,DOWN,0.99,15555.16,0.996,0.999
2026-01-13 13:44:03,56,"Bitcoin Up or Down - January 13, 12:30AM-12:45AM ET",price_change,DOWN,0.99,15544.02,0.996,0.999
2026-01-13 13:44:04,55,"Bitcoin Up or Down - January 13, 12:30AM-12:45AM ET",price_change,DOWN,0.92,621.8,0.996,0.999
2026-01-13 13:44:05,54,"Bitcoin Up or Down - January 13, 12:30AM-12:45AM ET",price_change,DOWN,0.92,507.87,0.996,0.999
2026-01-13 13:44:06,53,"Bitcoin Up or Down - January 13, 12:30AM-12:45AM ET",price_change,DOWN,0.93,1312.46,0.996,0.999
2026-01-13 13:44:07,51,"Bitcoin Up or Down - January 13, 12:30AM-12:45AM ET",price_change,DOWN,0.93,1379.12,0.996,0.999
2026-01-13 13:44:09,50,"Bitcoin Up or Down - January 13, 12:30AM-12:45AM ET",price_change,DOWN,0.93,1432.45,0.996,0.999
2026-01-13 13:44:10,49,"Bitcoin Up or Down - January 13, 12:30AM-12:45AM ET",price_change,DOWN,0.4,575.4,0.996,0.999
2026-01-13 13:44:11,48,"Bitcoin Up or Down - January 13, 12:30AM-12:45AM ET",price_change,DOWN,0.4,570.4,0.996,0.999
2026-01-13 13:44:12,46,"Bitcoin Up or Down - January 13, 12:30AM-12:45AM ET",price_change,DOWN,0.98,3168.14,0.996,0.999
2026-01-13 13:44:14,45,"Bitcoin Up or Down - January 13, 12:30AM-12:45AM ET",price_change,DOWN,0.98,3163.14,0.993,0.999
2026-01-13 13:44:16,43,"Bitcoin Up or Down - January 13, 12:30AM-12:45AM ET",price_change,DOWN,0.99,15544.02,0.993,0.999
2026-01-13 13:44:17,42,"Bitcoin Up or Down - January 13, 12:30AM-12:45AM ET",price_change,DOWN,0.87,512.71,0.993,0.999
2026-01-13 13:44:18,41,"Bitcoin Up or Down - January 13, 12:30AM-12:45AM ET",price_change,DOWN,0.84,419.39,0.993,0.999
2026-01-13 13:44:19,40,"Bitcoin Up or Down - January 13, 12:30AM-12:45AM ET",price_change,DOWN,0.82,402.6,0.993,0.999
2026-01-13 13:44:20,39,"Bitcoin Up or Down - January 13, 12:30AM-12:45AM ET",price_change,DOWN,0.82,402.6,0.993,0.999
2026-01-13 13:44:22,37,"Bitcoin Up or Down - January 13, 12:30AM-12:45AM ET",price_change,DOWN,0.99,15544.02,0.993,0.999
2026-01-13 13:44:23,36,"Bitcoin Up or Down - January 13, 12:30AM-12:45AM ET",price_change,DOWN,0.99,15624.02,0.993,0.999
2026-01-13 13:44:24,35,"Bitcoin Up or Down - January 13, 12:30AM-12:45AM ET",price_change,DOWN,0.99,15624.02,0.993,0.999
2026-01-13 13:44:25,34,"Bitcoin Up or Down - January 13, 12:30AM-12:45AM ET",price_change,DOWN,0.99,15663.02,0.995,0.999
2026-01-13 13:44:26,33,"Bitcoin Up or Down - January 13, 12:30AM-12:45AM ET",price_change,DOWN,0.99,15630.07,0.995,0.999
2026-01-13 13:44:27,32,"Bitcoin Up or Down - January 13, 12:30AM-12:45AM ET",price_change,DOWN,0.99,14668.11,0.995,0.999
2026-01-13 13:44:28,31,"Bitcoin Up or Down - January 13, 12:30AM-12:45AM ET",price_change,DOWN,0.99,14719.07,0.995,0.999
2026-01-13 13:44:29,30,"Bitcoin Up or Down - January 13, 12:30AM-12:45AM ET",price_change,DOWN,0.99,14762.29,0.995,0.999
2026-01-13 13:44:30,29,"Bitcoin Up or Down - January 13, 12:30AM-12:45AM ET",price_change,DOWN,0.99,15053.36,0.995,0.999
2026-01-13 13:44:31,28,"Bitcoin Up or Down - January 13, 12:30AM-12:45AM ET",price_change,DOWN,0.99,15042.4,0.995,0.999
2026-01-13 13:44:32,27,"Bitcoin Up or Down - January 13, 12:30AM-12:45AM ET",price_change,DOWN,0.99,15013.45,0.995,0.999
2026-01-13 13:44:33,26,"Bitcoin Up or Down - January 13, 12:30AM-12:45AM ET",price_change,DOWN,0.99,15002.31,0.995,0.999
2026-01-13 13:44:34,25,"Bitcoin Up or Down - January 13, 12:30AM-12:45AM ET",price_change,DOWN,0.99,14963.31,0.995,0.999
2026-01-13 13:44:35,23,"Bitcoin Up or Down - January 13, 12:30AM-12:45AM ET",price_change,DOWN,0.99,15094.33,0.999,1
2026-01-13 13:44:37,22,"Bitcoin Up or Down - January 13, 12:30AM-12:45AM ET",price_change,DOWN,0.96,483.4,0.999,1
2026-01-13 13:44:38,21,"Bitcoin Up or Down - January 13, 12:30AM-12:45AM ET",price_change,DOWN,0.96,443.4,0.999,1
2026-01-13 13:44:39,20,"Bitcoin Up or Down - January 13, 12:30AM-12:45AM ET",price_change,DOWN,0.89,521.1,0.999,1
2026-01-13 13:44:40,19,"Bitcoin Up or Down - January 13, 12:30AM-12:45AM ET",price_change,DOWN,0.91,242.52,0.999,1
2026-01-13 13:44:41,18,"Bitcoin Up or Down - January 13, 12:30AM-12:45AM ET",price_change,DOWN,0.85,400.5,0.999,1
2026-01-13 13:44:42,17,"Bitcoin Up or Down - January 13, 12:30AM-12:45AM ET",price_change,DOWN,0.01,19644.24,0.999,1
2026-01-13 13:44:44,15,"Bitcoin Up or Down - January 13, 12:30AM-12:45AM ET",price_change,DOWN,0.83,400,0.999,1
2026-01-13 13:44:45,14,"Bitcoin Up or Down - January 13, 12:30AM-12:45AM ET",price_change,DOWN,0.83,400,0.999,1
2026-01-13 13:44:46,13,"Bitcoin Up or Down - January 13, 12:30AM-12:45AM ET",price_change,DOWN,0.83,400,0.999,1
2026-01-13 13:44:47,12,"Bitcoin Up or Down - January 13, 12:30AM-12:45AM ET",price_change,DOWN,0.83,400,0.999,1
2026-01-13 13:44:48,11,"Bitcoin Up or Down - January 13, 12:30AM-12:45AM ET",price_change,DOWN,0.83,400,0.999,1
2026-01-13 13:44:49,10,"Bitcoin Up or Down - January 13, 12:30AM-12:45AM ET",price_change,DOWN,0.96,443.4,0.999,1
2026-01-13 13:44:50,9,"Bitcoin Up or Down - January 13, 12:30AM-12:45AM ET",price_change,DOWN,0.2,170.95,0.999,1
2026-01-13 13:44:51,8,"Bitcoin Up or Down - January 13, 12:30AM-12:45AM ET",price_change,DOWN,0.82,5,0.999,1
2026-01-13 13:44:52,7,"Bitcoin Up or Down - January 13, 12:30AM-12:45AM ET",price_change,DOWN,0.82,5,0.999,1
2026-01-13 13:44:53,6,"Bitcoin Up or Down - January 13, 12:30AM-12:45AM ET",price_change,DOWN,0.99,15539.71,0.999,1
2026-01-13 13:44:54,5,"Bitcoin Up or Down - January 13, 12:30AM-12:45AM ET",price_change,DOWN,0.999,23061.9,0.999,1
2026-01-13 13:44:55,4,"Bitcoin Up or Down - January 13, 12:30AM-12:45AM ET",price_change,DOWN,0.99,26316.69,0.999,1
2026-01-13 13:44:57,2,"Bitcoin Up or Down - January 13, 12:30AM-12:45AM ET",price_change,DOWN,0.96,45.4,0.999,1
2026-01-13 13:44:58,1,"Bitcoin Up or Down - January 13, 12:30AM-12:45AM ET",price_change,DOWN,0.99,27405.06,0.999,1
2026-01-13 13:44:59,0,"Bitcoin Up or Down - January 13, 12:30AM-12:45AM ET",price_change,DOWN,0.93,1034.72,0.999,1
2026-01-13 13:46:24,815,"Bitcoin Up or Down - January 13, 12:45AM-1:00AM ET",price_change,UP,0.56,442.13,0.56,0.57
2026-01-13 13:46:25,814,"Bitcoin Up or Down - January 13, 12:45AM-1:00AM ET",price_change,UP,0.59,63.73,0.59,0.6
2026-01-13 13:46:26,813,"Bitcoin Up or Down - January 13, 12:45AM-1:00AM ET",price_change,UP,0.53,1068.92,0.58,0.59
2026-01-13 13:46:27,812,"Bitcoin Up or Down - January 13, 12:45AM-1:00AM ET",price_change,UP,0.56,1049.75,0.59,0.6
2026-01-13 13:46:28,811,"Bitcoin Up or Down - January 13, 12:45AM-1:00AM ET",price_change,DOWN,0.37,701.92,0.4,0.41
2026-01-13 13:46:29,810,"Bitcoin Up or Down - January 13, 12:45AM-1:00AM ET",price_change,DOWN,0.4,51.07,0.4,0.41
2026-01-13 13:46:30,809,"Bitcoin Up or Down - January 13, 12:45AM-1:00AM ET",price_change,DOWN,0.36,984.61,0.4,0.41
2026-01-13 13:46:31,808,"Bitcoin Up or Down - January 13, 12:45AM-1:00AM ET",price_change,UP,0.34,492,0.59,0.6
2026-01-13 13:46:32,807,"Bitcoin Up or Down - January 13, 12:45AM-1:00AM ET",price_change,DOWN,0.4,32.71,0.4,0.41
2026-01-13 13:46:34,805,"Bitcoin Up or Down - January 13, 12:45AM-1:00AM ET",price_change,UP,0.55,2027.92,0.59,0.6
2026-01-13 13:46:36,803,"Bitcoin Up or Down - January 13, 12:45AM-1:00AM ET",price_change,DOWN,0.37,623,0.38,0.39
2026-01-13 13:46:37,802,"Bitcoin Up or Down - January 13, 12:45AM-1:00AM ET",price_change,UP,0.6,213.25,0.6,0.62
