timestamp,event_type,buy_pick,buy_price,buy_size,buy_best_bid,buy_best_ask
2026-01-13 10:21:26,price_change,DOWN,0.64,694.92,0.65,0.66
2026-01-13 10:21:26,price_change,UP,0.34,15,0.34,0.35
2026-01-13 10:21:27,price_change,UP,0.33,5580.35,0.33,0.34
2026-01-13 10:21:27,price_change,UP,0.3,639.79,0.33,0.34
2026-01-13 10:21:27,price_change,DOWN,0.63,1281.55,0.66,0.67
2026-01-13 10:21:28,price_change,DOWN,0.63,1203,0.66,0.67
2026-01-13 10:21:28,price_change,DOWN,0.66,496.91,0.66,0.67
2026-01-13 10:21:28,price_change,DOWN,0.45,988.3,0.66,0.67
2026-01-13 10:21:28,price_change,DOWN,0.56,763.3,0.66,0.67
2026-01-13 10:21:29,price_change,DOWN,0.64,917.42,0.66,0.67
2026-01-13 10:21:29,price_change,UP,0.24,1134.1,0.33,0.34
2026-01-13 10:21:29,price_change,DOWN,0.58,848.05,0.66,0.67
2026-01-13 10:21:29,price_change,UP,0.33,4833.57,0.33,0.34
2026-01-13 10:21:30,price_change,DOWN,0.64,877.92,0.66,0.67
2026-01-13 10:21:30,price_change,UP,0.29,829.3,0.33,0.34
2026-01-13 10:21:30,price_change,UP,0.29,787.92,0.33,0.34
2026-01-13 10:21:31,price_change,UP,0.27,647.92,0.33,0.34
2026-01-13 10:21:31,price_change,UP,0.29,793.42,0.33,0.34
2026-01-13 10:21:31,price_change,UP,0.29,755.92,0.33,0.34
2026-01-13 10:21:32,price_change,UP,0.31,153.72,0.33,0.34
2026-01-13 10:21:32,price_change,UP,0.24,1200.1,0.33,0.34
2026-01-13 10:21:32,price_change,UP,0.3,744.86,0.33,0.34
2026-01-13 10:21:33,price_change,UP,0.31,525.21,0.33,0.34
2026-01-13 10:21:33,price_change,DOWN,0.66,1890.74,0.66,0.67
2026-01-13 10:21:33,price_change,DOWN,0.57,980.35,0.66,0.67
2026-01-13 10:21:34,price_change,DOWN,0.58,853.35,0.66,0.67
2026-01-13 10:21:34,price_change,DOWN,0.63,1380.92,0.66,0.67
2026-01-13 10:21:34,price_change,DOWN,0.57,810.35,0.66,0.67
2026-01-13 10:21:35,price_change,DOWN,0.66,1383.59,0.66,0.67
2026-01-13 10:21:35,price_change,DOWN,0.54,696.2,0.66,0.67
2026-01-13 10:21:35,price_change,UP,0.24,1225.1,0.33,0.34
2026-01-13 10:21:35,price_change,DOWN,0.58,853.35,0.66,0.67
2026-01-13 10:21:36,price_change,UP,0.23,1099.3,0.33,0.34
2026-01-13 10:21:36,price_change,DOWN,0.58,853.35,0.66,0.67
2026-01-13 10:21:36,price_change,DOWN,0.56,938.3,0.66,0.67
2026-01-13 10:21:37,price_change,DOWN,0.56,938.3,0.66,0.67
2026-01-13 10:21:37,price_change,DOWN,0.58,823.35,0.66,0.67
2026-01-13 10:21:37,price_change,UP,0.3,584.87,0.32,0.33
2026-01-13 10:21:38,price_change,DOWN,0.56,908.3,0.67,0.68
2026-01-13 10:21:38,price_change,DOWN,0.68,5.5,0.68,0.69
2026-01-13 10:21:38,price_change,DOWN,0.57,810.17,0.68,0.69
2026-01-13 10:21:38,price_change,DOWN,0.68,1193.81,0.68,0.69
2026-01-13 10:21:39,price_change,UP,0.31,477.99,0.31,0.32
2026-01-13 10:21:39,price_change,DOWN,0.65,1787.39,0.68,0.69
2026-01-13 10:21:39,price_change,DOWN,0.65,1849.39,0.68,0.69
2026-01-13 10:21:40,price_change,DOWN,0.68,1238.16,0.68,0.69
2026-01-13 10:21:40,price_change,DOWN,0.68,1191.42,0.68,0.69
2026-01-13 10:21:40,price_change,DOWN,0.59,1736.4,0.68,0.69
2026-01-13 10:21:40,price_change,UP,0.3,605.91,0.31,0.32
2026-01-13 10:21:41,price_change,UP,0.3,590.98,0.3,0.32
2026-01-13 10:21:41,price_change,UP,0.29,1233.92,0.3,0.31
2026-01-13 10:21:41,price_change,UP,0.23,1119.3,0.3,0.31
2026-01-13 10:21:41,price_change,UP,0.3,557.39,0.3,0.31
2026-01-13 10:21:42,price_change,UP,0.3,179.23,0.3,0.31
2026-01-13 10:21:42,price_change,UP,0.3,538.06,0.3,0.31
2026-01-13 10:21:42,price_change,DOWN,0.66,1560.28,0.69,0.7
2026-01-13 10:21:42,price_change,DOWN,0.56,738.3,0.69,0.7
2026-01-13 10:21:43,price_change,DOWN,0.58,757.35,0.69,0.7
2026-01-13 10:21:43,price_change,UP,0.21,1094.8,0.3,0.31
2026-01-13 10:21:43,price_change,DOWN,0.68,1648.97,0.69,0.7
2026-01-13 10:21:43,price_change,UP,0.26,1127.81,0.3,0.31
2026-01-13 10:21:44,price_change,DOWN,0.69,2513.87,0.69,0.7
2026-01-13 10:21:44,price_change,UP,0.27,144.95,0.27,0.29
2026-01-13 10:21:44,price_change,UP,0.27,535.41,0.27,0.28
2026-01-13 10:21:44,price_change,UP,0.26,799.73,0.27,0.28
2026-01-13 10:21:45,price_change,DOWN,0.57,885.17,0.72,0.73
2026-01-13 10:21:45,price_change,DOWN,0.56,708.3,0.72,0.73
2026-01-13 10:21:45,price_change,DOWN,0.7,539.92,0.72,0.73
2026-01-13 10:21:46,price_change,UP,0.27,562.21,0.27,0.28
2026-01-13 10:21:46,price_change,DOWN,0.72,28.85,0.72,0.73
2026-01-13 10:21:47,price_change,DOWN,0.7,628.42,0.71,0.72
2026-01-13 10:21:47,price_change,UP,0.27,491.45,0.28,0.29
2026-01-13 10:21:47,price_change,DOWN,0.69,1636.17,0.71,0.72
2026-01-13 10:21:48,price_change,DOWN,0.71,107.1,0.71,0.72
2026-01-13 10:21:48,price_change,DOWN,0.69,1505.17,0.71,0.72
2026-01-13 10:21:49,price_change,DOWN,0.69,1922.17,0.71,0.72
2026-01-13 10:21:49,price_change,UP,0.21,1185.8,0.28,0.29
2026-01-13 10:21:49,price_change,DOWN,0.71,158.03,0.71,0.72
2026-01-13 10:21:49,price_change,UP,0.22,1330.32,0.28,0.29
2026-01-13 10:21:50,price_change,UP,0.08,2739.61,0.28,0.29
2026-01-13 10:21:50,price_change,UP,0.24,1341.92,0.28,0.29
2026-01-13 10:21:50,price_change,DOWN,0.61,1007.78,0.71,0.72
2026-01-13 10:21:50,price_change,UP,0.27,525.3,0.28,0.29
2026-01-13 10:21:51,price_change,DOWN,0.61,1015.78,0.71,0.72
2026-01-13 10:21:51,price_change,UP,0.24,1320.92,0.28,0.29
2026-01-13 10:21:51,price_change,DOWN,0.71,801,0.71,0.72
2026-01-13 10:21:52,price_change,DOWN,0.71,819,0.71,0.72
2026-01-13 10:21:52,price_change,UP,0.27,195.3,0.28,0.29
2026-01-13 10:21:52,price_change,DOWN,0.62,1022,0.71,0.72
2026-01-13 10:21:53,price_change,UP,0.27,575.3,0.28,0.29
2026-01-13 10:21:53,price_change,DOWN,0.62,987,0.71,0.72
2026-01-13 10:21:53,price_change,UP,0.27,205.8,0.28,0.29
2026-01-13 10:21:54,price_change,DOWN,0.7,915.5,0.71,0.72
2026-01-13 10:21:54,price_change,UP,0.24,1409.41,0.28,0.29
2026-01-13 10:21:54,price_change,DOWN,0.73,681.23,0.73,0.74
2026-01-13 10:21:55,price_change,UP,0.26,60.8,0.26,0.27
2026-01-13 10:21:55,price_change,UP,0.26,416.86,0.26,0.27
2026-01-13 10:21:55,price_change,DOWN,0.73,2365.38,0.73,0.74
2026-01-13 10:21:55,price_change,DOWN,0.62,952.5,0.73,0.75
2026-01-13 10:21:56,price_change,UP,0.23,232.32,0.25,0.26
2026-01-13 10:21:56,price_change,UP,0.23,452.95,0.23,0.26
2026-01-13 10:21:56,price_change,UP,0.23,370.28,0.23,0.24
2026-01-13 10:21:57,price_change,UP,0.18,1343.72,0.23,0.24
2026-01-13 10:21:57,price_change,UP,0.23,363.28,0.23,0.24
2026-01-13 10:21:57,price_change,DOWN,0.76,1605.92,0.76,0.77
2026-01-13 10:21:58,price_change,UP,0.22,376.43,0.23,0.24
2026-01-13 10:21:58,price_change,UP,0.23,20,0.23,0.24
2026-01-13 10:21:58,price_change,DOWN,0.62,1152.5,0.76,0.77
2026-01-13 10:21:58,price_change,UP,0.23,0,0.22,0.24
2026-01-13 10:21:59,price_change,DOWN,0.67,1201.73,0.77,0.78
2026-01-13 10:21:59,price_change,DOWN,0.77,336,0.77,0.78
2026-01-13 10:21:59,price_change,DOWN,0.74,245.32,0.77,0.78
2026-01-13 10:21:59,price_change,DOWN,0.75,315.13,0.78,0.79
2026-01-13 10:22:00,price_change,DOWN,0.78,40.5,0.78,0.79
2026-01-13 10:22:00,price_change,UP,0.02,6412.71,0.25,0.26
2026-01-13 10:22:01,price_change,UP,0.25,3805.52,0.25,0.26
2026-01-13 10:22:01,price_change,DOWN,0.72,2178.47,0.74,0.75
2026-01-13 10:22:01,price_change,UP,0.22,149.99,0.25,0.26
2026-01-13 10:22:02,price_change,UP,0.24,501,0.25,0.26
2026-01-13 10:22:02,price_change,DOWN,0.74,1572.08,0.74,0.75
2026-01-13 10:22:02,price_change,DOWN,0.64,721.6,0.74,0.75
2026-01-13 10:22:03,price_change,UP,0.24,431.5,0.25,0.26
2026-01-13 10:22:03,price_change,DOWN,0.63,960.6,0.74,0.75
2026-01-13 10:22:03,price_change,DOWN,0.63,952.6,0.74,0.75
2026-01-13 10:22:03,price_change,DOWN,0.74,1509.39,0.74,0.75
2026-01-13 10:22:04,price_change,DOWN,0.72,2145.26,0.74,0.75
2026-01-13 10:22:04,price_change,DOWN,0.74,1464.39,0.74,0.75
2026-01-13 10:22:04,price_change,DOWN,0.72,2030.76,0.74,0.75
2026-01-13 10:22:04,price_change,DOWN,0.66,1497.16,0.74,0.75
2026-01-13 10:22:05,price_change,UP,0.04,2945.15,0.25,0.26
2026-01-13 10:22:05,price_change,DOWN,0.62,947.5,0.74,0.75
2026-01-13 10:22:05,price_change,DOWN,0.6,1031.4,0.74,0.75
2026-01-13 10:22:06,price_change,DOWN,0.74,1399.37,0.74,0.75
2026-01-13 10:22:06,price_change,UP,0.19,1293.32,0.25,0.26
2026-01-13 10:22:06,price_change,DOWN,0.73,1863.62,0.74,0.75
2026-01-13 10:22:06,price_change,UP,0.17,1229.19,0.25,0.26
2026-01-13 10:22:07,price_change,UP,0.24,472.5,0.25,0.26
2026-01-13 10:22:07,price_change,DOWN,0.67,1321.73,0.74,0.75
2026-01-13 10:22:07,price_change,DOWN,0.72,2346.5,0.74,0.75
2026-01-13 10:22:07,price_change,DOWN,0.74,1714.58,0.74,0.75
2026-01-13 10:22:08,price_change,DOWN,0.74,1609.58,0.74,0.75
2026-01-13 10:22:09,price_change,DOWN,0.74,1428.41,0.74,0.75
2026-01-13 10:22:09,price_change,UP,0.23,755.04,0.25,0.26
2026-01-13 10:22:09,price_change,DOWN,0.64,716.6,0.74,0.75
2026-01-13 10:22:09,price_change,DOWN,0.73,1879.62,0.74,0.75
2026-01-13 10:22:10,price_change,UP,0.2,1197.86,0.25,0.26
2026-01-13 10:22:10,price_change,DOWN,0.74,1525.42,0.74,0.75
2026-01-13 10:22:10,price_change,UP,0.22,680.92,0.25,0.26
2026-01-13 10:22:11,price_change,DOWN,0.72,2108.71,0.74,0.75
2026-01-13 10:22:11,price_change,DOWN,0.56,813.3,0.74,0.75
2026-01-13 10:22:11,price_change,UP,0.24,493.5,0.25,0.26
2026-01-13 10:22:11,price_change,DOWN,0.73,1905.12,0.74,0.75
2026-01-13 10:22:12,price_change,DOWN,0.73,1820.62,0.74,0.75
2026-01-13 10:22:12,price_change,UP,0.24,521.5,0.25,0.26
2026-01-13 10:22:12,price_change,DOWN,0.61,967.78,0.74,0.75
2026-01-13 10:22:13,price_change,DOWN,0.74,1640.24,0.74,0.75
2026-01-13 10:22:13,price_change,DOWN,0.74,1635.24,0.74,0.75
2026-01-13 10:22:13,price_change,UP,0.16,1118.65,0.25,0.26
2026-01-13 10:22:14,price_change,UP,0.22,992.25,0.25,0.26
2026-01-13 10:22:14,price_change,UP,0.22,971.99,0.25,0.26
2026-01-13 10:22:14,price_change,DOWN,0.74,1691.96,0.74,0.75
2026-01-13 10:22:15,price_change,UP,0.22,956,0.25,0.26
2026-01-13 10:22:15,price_change,UP,0.22,940,0.25,0.26
2026-01-13 10:22:15,price_change,DOWN,0.67,1296.63,0.74,0.75
2026-01-13 10:22:16,price_change,DOWN,0.72,2510.71,0.74,0.75
2026-01-13 10:22:16,price_change,DOWN,0.63,952.6,0.74,0.75
2026-01-13 10:22:16,price_change,DOWN,0.72,2385.71,0.74,0.75
2026-01-13 10:22:16,price_change,UP,0.22,526.26,0.25,0.26
2026-01-13 10:22:17,price_change,DOWN,0.74,1391.75,0.74,0.75
2026-01-13 10:22:17,price_change,DOWN,0.72,2379.71,0.74,0.75
2026-01-13 10:22:17,price_change,DOWN,0.73,1962.54,0.74,0.75
2026-01-13 10:22:17,price_change,UP,0.22,582.26,0.25,0.26
2026-01-13 10:22:18,price_change,DOWN,0.64,766.6,0.74,0.75
2026-01-13 10:22:18,price_change,DOWN,0.72,2302.79,0.74,0.75
2026-01-13 10:22:18,price_change,UP,0.23,762.96,0.25,0.26
2026-01-13 10:22:18,price_change,UP,0.19,1333.52,0.25,0.26
2026-01-13 10:22:19,price_change,UP,0.25,2289.08,0.25,0.26
2026-01-13 10:22:19,price_change,UP,0.22,537.26,0.25,0.26
2026-01-13 10:22:19,price_change,UP,0.22,511.26,0.25,0.26
2026-01-13 10:22:20,price_change,UP,0.16,1113.65,0.25,0.26
2026-01-13 10:22:20,price_change,UP,0.02,6642.71,0.25,0.26
2026-01-13 10:22:20,price_change,UP,0.21,857.62,0.25,0.26
2026-01-13 10:22:21,price_change,UP,0.02,6392.71,0.25,0.26
2026-01-13 10:22:21,price_change,UP,0.23,1158.07,0.25,0.26
2026-01-13 10:22:21,price_change,DOWN,0.5,820.46,0.74,0.75
2026-01-13 10:22:21,price_change,UP,0.24,661,0.25,0.26
2026-01-13 10:22:22,price_change,UP,0.25,2298.5,0.25,0.26
2026-01-13 10:22:22,price_change,UP,0.24,666.5,0.25,0.26
2026-01-13 10:22:22,price_change,DOWN,0.64,766.6,0.74,0.75
2026-01-13 10:22:22,price_change,UP,0.25,2296.33,0.25,0.26
2026-01-13 10:22:23,price_change,DOWN,0.73,1858.62,0.74,0.75
2026-01-13 10:22:23,price_change,DOWN,0.74,1337.48,0.74,0.75
2026-01-13 10:22:23,price_change,DOWN,0.72,1951.71,0.74,0.75
2026-01-13 10:22:23,price_change,DOWN,0.63,960.6,0.74,0.75
2026-01-13 10:22:24,price_change,DOWN,0.53,807.2,0.74,0.75
2026-01-13 10:22:24,price_change,UP,0.19,1307.12,0.25,0.26
2026-01-13 10:22:24,price_change,DOWN,0.64,766.6,0.74,0.75
2026-01-13 10:22:25,price_change,UP,0.21,805.92,0.25,0.26
2026-01-13 10:22:25,price_change,DOWN,0.72,1961.71,0.74,0.75
2026-01-13 10:22:25,price_change,UP,0.25,1941.25,0.25,0.26
2026-01-13 10:22:25,price_change,DOWN,0.63,970.6,0.74,0.75
2026-01-13 10:22:26,price_change,DOWN,0.73,1870.62,0.74,0.75
2026-01-13 10:22:26,price_change,DOWN,0.73,1858.62,0.74,0.75
2026-01-13 10:22:26,price_change,DOWN,0.72,2362.79,0.74,0.75
2026-01-13 10:22:26,price_change,UP,0.16,1123.65,0.25,0.26
2026-01-13 10:22:27,price_change,DOWN,0.74,1592.46,0.74,0.75
2026-01-13 10:22:27,price_change,DOWN,0.74,1202.46,0.74,0.75
2026-01-13 10:22:27,price_change,UP,0.21,534.92,0.25,0.26
2026-01-13 10:22:28,price_change,DOWN,0.72,2263.29,0.74,0.75
2026-01-13 10:22:28,price_change,DOWN,0.73,2325.04,0.74,0.75
2026-01-13 10:22:28,price_change,DOWN,0.62,947.5,0.74,0.75
2026-01-13 10:22:29,price_change,DOWN,0.73,2305.54,0.74,0.75
2026-01-13 10:22:29,price_change,DOWN,0.73,2322.54,0.74,0.75
2026-01-13 10:22:29,price_change,DOWN,0.74,1568.16,0.74,0.75
2026-01-13 10:22:30,price_change,UP,0.25,2497.07,0.25,0.26
2026-01-13 10:22:30,price_change,UP,0.25,2492.07,0.25,0.26
2026-01-13 10:22:30,price_change,UP,0.22,240.26,0.25,0.26
2026-01-13 10:22:30,price_change,UP,0.21,547.72,0.25,0.26
2026-01-13 10:22:31,price_change,DOWN,0.64,761.6,0.74,0.75
2026-01-13 10:22:31,price_change,DOWN,0.58,912.35,0.74,0.75
2026-01-13 10:22:32,price_change,DOWN,0.74,1064.81,0.74,0.75
2026-01-13 10:22:32,price_change,DOWN,0.74,1081.31,0.74,0.75
2026-01-13 10:22:32,price_change,DOWN,0.74,998.31,0.74,0.75
2026-01-13 10:22:32,price_change,UP,0.22,271.26,0.25,0.26
2026-01-13 10:22:33,price_change,UP,0.25,2418.42,0.25,0.26
2026-01-13 10:22:33,price_change,DOWN,0.68,1402.5,0.74,0.75
2026-01-13 10:22:33,price_change,UP,0.25,4845.64,0.25,0.26
2026-01-13 10:22:35,price_change,DOWN,0.67,0.45,0.67,0.68
2026-01-13 10:22:35,price_change,UP,0.3,820.92,0.32,0.33
2026-01-13 10:22:35,price_change,UP,0.32,250.04,0.32,0.33
2026-01-13 10:22:36,price_change,UP,0.25,4053.61,0.32,0.33
2026-01-13 10:22:36,price_change,UP,0.26,1788.17,0.32,0.33
2026-01-13 10:22:36,price_change,DOWN,0.67,56.32,0.67,0.68
2026-01-13 10:22:36,price_change,DOWN,0.67,161.82,0.67,0.68
2026-01-13 10:22:37,price_change,UP,0.26,2080.1,0.32,0.33
2026-01-13 10:22:37,price_change,UP,0.32,269.58,0.32,0.33
2026-01-13 10:22:37,price_change,UP,0.25,4006.21,0.32,0.33
2026-01-13 10:22:37,price_change,DOWN,0.58,1045.02,0.67,0.68
2026-01-13 10:22:38,price_change,DOWN,0.56,723,0.67,0.68
2026-01-13 10:22:38,price_change,DOWN,0.58,1045.02,0.67,0.68
2026-01-13 10:22:38,price_change,UP,0.28,983.46,0.32,0.33
2026-01-13 10:22:39,price_change,UP,0.32,991.34,0.32,0.33
2026-01-13 10:22:39,price_change,DOWN,0.58,1040.02,0.67,0.68
2026-01-13 10:22:39,price_change,DOWN,0.57,794.87,0.67,0.68
2026-01-13 10:22:39,price_change,DOWN,0.65,551.39,0.67,0.68
2026-01-13 10:22:40,price_change,DOWN,0.33,6942.9,0.67,0.68
2026-01-13 10:22:40,price_change,DOWN,0.66,432.07,0.66,0.67
2026-01-13 10:22:40,price_change,UP,0.33,44.9,0.33,0.34
2026-01-13 10:22:41,price_change,DOWN,0.57,834.87,0.66,0.67
2026-01-13 10:22:41,price_change,DOWN,0.58,1045.02,0.66,0.67
2026-01-13 10:22:41,price_change,UP,0.32,950.17,0.33,0.34
2026-01-13 10:22:41,price_change,DOWN,0.61,1034.2,0.66,0.67
2026-01-13 10:22:42,price_change,UP,0.31,1107.79,0.33,0.34
2026-01-13 10:22:42,price_change,DOWN,0.58,1045.02,0.66,0.67
2026-01-13 10:22:42,price_change,DOWN,0.57,794.87,0.66,0.67
2026-01-13 10:22:42,price_change,UP,0.33,78.45,0.33,0.34
2026-01-13 10:22:43,price_change,DOWN,0.5,920.46,0.66,0.67
2026-01-13 10:22:43,price_change,DOWN,0.58,1025.02,0.66,0.67
2026-01-13 10:22:43,price_change,DOWN,0.57,824.87,0.66,0.67
2026-01-13 10:22:44,price_change,DOWN,0.56,778,0.66,0.67
2026-01-13 10:22:44,price_change,DOWN,0.57,829.87,0.66,0.67
2026-01-13 10:22:44,price_change,DOWN,0.66,155.06,0.66,0.67
2026-01-13 10:22:44,price_change,DOWN,0.63,1333.92,0.65,0.66
2026-01-13 10:22:45,price_change,DOWN,0.56,753,0.65,0.66
2026-01-13 10:22:45,price_change,DOWN,0.56,753,0.65,0.66
2026-01-13 10:22:45,price_change,DOWN,0.66,88.5,0.66,0.67
2026-01-13 10:22:46,price_change,DOWN,0.58,1010.02,0.66,0.67
2026-01-13 10:22:46,price_change,UP,0.33,57.97,0.33,0.34
2026-01-13 10:22:46,price_change,DOWN,0.58,1040.02,0.66,0.67
2026-01-13 10:22:46,price_change,UP,0.33,11.94,0.33,0.34
2026-01-13 10:22:47,price_change,DOWN,0.63,1378.92,0.66,0.67
2026-01-13 10:22:47,price_change,DOWN,0.56,748,0.66,0.67
2026-01-13 10:22:48,price_change,DOWN,0.66,40.04,0.66,0.67
2026-01-13 10:22:48,price_change,DOWN,0.57,824.87,0.66,0.67
2026-01-13 10:22:48,price_change,DOWN,0.56,748,0.66,0.67
2026-01-13 10:22:48,price_change,DOWN,0.58,1010.02,0.66,0.67
2026-01-13 10:22:49,price_change,UP,0.33,294.95,0.33,0.34
2026-01-13 10:22:49,price_change,DOWN,0.66,168.05,0.66,0.67
2026-01-13 10:22:49,price_change,DOWN,0.57,794.87,0.66,0.67
2026-01-13 10:22:49,price_change,DOWN,0.57,794.87,0.66,0.67
2026-01-13 10:22:50,price_change,DOWN,0.66,195.5,0.66,0.67
2026-01-13 10:22:50,price_change,UP,0.32,1133.53,0.33,0.34
2026-01-13 10:22:50,price_change,UP,0.33,1673.96,0.33,0.34
2026-01-13 10:22:51,price_change,DOWN,0.58,1040.02,0.66,0.67
2026-01-13 10:22:51,price_change,DOWN,0.54,791,0.66,0.67
2026-01-13 10:22:51,price_change,DOWN,0.66,64.62,0.66,0.67
2026-01-13 10:22:52,price_change,DOWN,0.57,824.87,0.66,0.67
2026-01-13 10:22:52,price_change,DOWN,0.66,39.34,0.66,0.67
2026-01-13 10:22:52,price_change,UP,0.33,2003.96,0.33,0.34
2026-01-13 10:22:52,price_change,DOWN,0.57,1276.87,0.66,0.67
2026-01-13 10:22:53,price_change,UP,0.34,732,0.37,0.39
2026-01-13 10:22:53,price_change,DOWN,0.58,763.94,0.62,0.63
2026-01-13 10:22:54,price_change,DOWN,0.6,727.08,0.62,0.63
2026-01-13 10:22:54,price_change,UP,0.38,233.17,0.38,0.39
2026-01-13 10:22:54,price_change,DOWN,0.61,96.7,0.61,0.62
2026-01-13 10:22:55,price_change,UP,0.38,88.76,0.38,0.39
2026-01-13 10:22:55,price_change,DOWN,0.61,98.31,0.61,0.62
2026-01-13 10:22:55,price_change,UP,0.38,26,0.38,0.39
2026-01-13 10:22:56,price_change,UP,0.38,134.04,0.38,0.39
2026-01-13 10:22:56,price_change,UP,0.37,349.97,0.38,0.39
2026-01-13 10:22:56,price_change,DOWN,0.6,228.14,0.6,0.61
2026-01-13 10:22:57,price_change,DOWN,0.6,135.75,0.6,0.61
2026-01-13 10:22:57,price_change,DOWN,0.55,634.74,0.6,0.61
2026-01-13 10:22:57,price_change,UP,0.39,281.89,0.39,0.4
2026-01-13 10:22:58,price_change,UP,0.37,362.47,0.39,0.4
2026-01-13 10:22:58,price_change,UP,0.39,721.54,0.39,0.4
2026-01-13 10:22:58,price_change,DOWN,0.6,45,0.6,0.61
2026-01-13 10:22:59,price_change,DOWN,0.52,1028,0.6,0.61
2026-01-13 10:22:59,price_change,DOWN,0.6,0,0.59,0.61
2026-01-13 10:22:59,price_change,UP,0.31,1103.35,0.4,0.41
2026-01-13 10:23:00,price_change,DOWN,0.58,1185.97,0.59,0.6
2026-01-13 10:23:00,price_change,DOWN,0.59,637,0.59,0.6
2026-01-13 10:23:00,price_change,DOWN,0.57,750.05,0.59,0.6
2026-01-13 10:23:00,price_change,DOWN,0.59,536.68,0.59,0.6
2026-01-13 10:23:01,price_change,DOWN,0.51,1042.3,0.59,0.6
2026-01-13 10:23:01,price_change,DOWN,0.5,975.46,0.59,0.6
2026-01-13 10:23:01,price_change,DOWN,0.52,1048,0.59,0.6
2026-01-13 10:23:02,price_change,UP,0.4,1246.8,0.4,0.41
2026-01-13 10:23:02,price_change,DOWN,0.59,493.3,0.59,0.6
2026-01-13 10:23:02,price_change,DOWN,0.57,730.05,0.59,0.6
2026-01-13 10:23:03,price_change,DOWN,0.59,484.04,0.59,0.6
2026-01-13 10:23:03,price_change,DOWN,0.58,1285.38,0.59,0.6
2026-01-13 10:23:04,price_change,DOWN,0.59,450.48,0.59,0.6
2026-01-13 10:23:04,price_change,DOWN,0.58,933.91,0.59,0.6
2026-01-13 10:23:05,price_change,DOWN,0.37,1274.42,0.59,0.6
2026-01-13 10:23:05,price_change,DOWN,0.59,43.15,0.59,0.6
2026-01-13 10:23:05,price_change,DOWN,0.59,20.44,0.59,0.6
2026-01-13 10:23:05,price_change,UP,0.27,1103.6,0.4,0.41
2026-01-13 10:23:06,price_change,UP,0.38,911.82,0.4,0.41
2026-01-13 10:23:06,price_change,UP,0.37,1412.81,0.4,0.41
2026-01-13 10:23:06,price_change,DOWN,0.18,18.8,0.59,0.6
2026-01-13 10:23:07,price_change,UP,0.4,1421.37,0.4,0.41
2026-01-13 10:23:07,price_change,DOWN,0.53,1312.82,0.59,0.6
2026-01-13 10:23:07,price_change,UP,0.37,1416.81,0.4,0.41
2026-01-13 10:23:08,price_change,DOWN,0.52,1023.2,0.59,0.6
2026-01-13 10:23:08,price_change,UP,0.37,1412.81,0.4,0.41
2026-01-13 10:23:08,price_change,DOWN,0.54,1305.92,0.59,0.6
2026-01-13 10:23:08,price_change,DOWN,0.56,1040.92,0.59,0.6
2026-01-13 10:23:09,price_change,UP,0.38,963.38,0.4,0.41
2026-01-13 10:23:09,price_change,DOWN,0.5,950.46,0.59,0.6
2026-01-13 10:23:09,price_change,DOWN,0.57,821.55,0.58,0.59
2026-01-13 10:23:09,price_change,DOWN,0.58,799.18,0.58,0.59
2026-01-13 10:23:10,price_change,UP,0.41,472.85,0.41,0.42
2026-01-13 10:23:10,price_change,UP,0.36,958.92,0.41,0.42
2026-01-13 10:23:10,price_change,DOWN,0.58,748.82,0.58,0.59
2026-01-13 10:23:10,price_change,DOWN,0.52,1033.2,0.58,0.59
2026-01-13 10:23:11,price_change,DOWN,0.54,1480.91,0.58,0.59
2026-01-13 10:23:11,price_change,DOWN,0.53,1317.82,0.58,0.59
2026-01-13 10:23:11,price_change,UP,0.38,965.7,0.41,0.42
2026-01-13 10:23:12,price_change,UP,0.38,961.7,0.41,0.42
2026-01-13 10:23:12,price_change,UP,0.37,997.91,0.41,0.42
2026-01-13 10:23:12,price_change,UP,0.4,886.38,0.41,0.42
2026-01-13 10:23:12,price_change,DOWN,0.48,1062.2,0.58,0.59
2026-01-13 10:23:13,price_change,UP,0.41,69.03,0.41,0.42
2026-01-13 10:23:13,price_change,UP,0.4,792.38,0.4,0.41
2026-01-13 10:23:14,price_change,DOWN,0.42,1062.3,0.59,0.6
2026-01-13 10:23:14,price_change,UP,0.4,1192.65,0.4,0.41
2026-01-13 10:23:14,price_change,DOWN,0.54,1284.91,0.59,0.6
2026-01-13 10:23:15,price_change,DOWN,0.54,1284.91,0.59,0.6
2026-01-13 10:23:15,price_change,DOWN,0.57,775.05,0.59,0.6
2026-01-13 10:23:15,price_change,UP,0.4,1195.55,0.4,0.41
2026-01-13 10:23:15,price_change,UP,0.34,918.92,0.4,0.41
2026-01-13 10:23:16,price_change,UP,0.38,814.78,0.4,0.41
2026-01-13 10:23:16,price_change,DOWN,0.59,69.33,0.59,0.6
2026-01-13 10:23:16,price_change,DOWN,0.54,1367.91,0.59,0.6
2026-01-13 10:23:17,price_change,UP,0.34,918.92,0.4,0.41
2026-01-13 10:23:17,price_change,DOWN,0.55,1064.92,0.58,0.59
2026-01-13 10:23:17,price_change,DOWN,0.51,1032.3,0.58,0.59
2026-01-13 10:23:17,price_change,DOWN,0.57,780.55,0.58,0.59
2026-01-13 10:23:18,price_change,UP,0.39,1136.5,0.41,0.42
2026-01-13 10:23:18,price_change,DOWN,0.48,1057.2,0.58,0.59
2026-01-13 10:23:18,price_change,DOWN,0.42,1052.3,0.58,0.59
2026-01-13 10:23:18,price_change,UP,0.39,1182.5,0.41,0.42
2026-01-13 10:23:19,price_change,UP,0.39,1192.5,0.41,0.42
2026-01-13 10:23:19,price_change,DOWN,0.34,949.8,0.58,0.59
2026-01-13 10:23:19,price_change,DOWN,0.57,497.66,0.58,0.59
2026-01-13 10:23:19,price_change,DOWN,0.48,1077.2,0.58,0.59
2026-01-13 10:23:20,price_change,UP,0.38,1207.7,0.41,0.42
2026-01-13 10:23:20,price_change,DOWN,0.58,65.5,0.58,0.59
2026-01-13 10:23:20,price_change,UP,0.42,342.5,0.42,0.43
2026-01-13 10:23:20,price_change,UP,0.38,1202.7,0.42,0.43
2026-01-13 10:23:21,price_change,DOWN,0.53,1203.74,0.57,0.58
2026-01-13 10:23:21,price_change,DOWN,0.56,396,0.57,0.58
2026-01-13 10:23:21,price_change,UP,0.25,2116.8,0.42,0.43
2026-01-13 10:23:22,price_change,DOWN,0.51,1037.3,0.57,0.58
2026-01-13 10:23:22,price_change,UP,0.28,817.4,0.42,0.43
2026-01-13 10:23:22,price_change,UP,0.4,1171.34,0.42,0.43
2026-01-13 10:23:22,price_change,UP,0.39,1132.5,0.42,0.43
2026-01-13 10:23:23,price_change,DOWN,0.44,1235.96,0.57,0.58
2026-01-13 10:23:23,price_change,UP,0.42,2701.41,0.42,0.43
2026-01-13 10:23:23,price_change,DOWN,0.49,312.54,0.49,0.5
2026-01-13 10:23:24,price_change,DOWN,0.48,168,0.49,0.5
2026-01-13 10:23:24,price_change,DOWN,0.43,1103.92,0.49,0.5
2026-01-13 10:23:24,price_change,UP,0.53,25.76,0.53,0.54
2026-01-13 10:23:25,price_change,DOWN,0.35,1007,0.46,0.47
2026-01-13 10:23:25,price_change,DOWN,0.44,153.33,0.44,0.47
2026-01-13 10:23:25,price_change,UP,0.55,584.98,0.56,0.57
2026-01-13 10:23:26,price_change,UP,0.52,371.22,0.57,0.58
2026-01-13 10:23:27,price_change,DOWN,0.42,356.12,0.42,0.43
2026-01-13 10:23:27,price_change,DOWN,0.41,384.02,0.42,0.43
2026-01-13 10:23:27,price_change,UP,0.4,1280.72,0.57,0.58
2026-01-13 10:23:27,price_change,UP,0.57,1184.26,0.57,0.58
2026-01-13 10:23:28,price_change,UP,0.57,1204.76,0.57,0.58
2026-01-13 10:23:28,price_change,UP,0.43,1729.3,0.57,0.58
2026-01-13 10:23:28,price_change,DOWN,0.19,38.4,0.42,0.43
2026-01-13 10:23:28,price_change,UP,0.55,276.92,0.57,0.58
2026-01-13 10:23:29,price_change,UP,0.47,790.3,0.57,0.58
2026-01-13 10:23:29,price_change,UP,0.56,361,0.57,0.58
2026-01-13 10:23:29,price_change,UP,0.56,361,0.57,0.58
2026-01-13 10:23:29,price_change,UP,0.25,950.8,0.57,0.58
2026-01-13 10:23:30,price_change,DOWN,0.42,178.84,0.42,0.43
2026-01-13 10:23:30,price_change,DOWN,0.21,17.8,0.42,0.43
2026-01-13 10:23:30,price_change,UP,0.38,970.28,0.57,0.58
2026-01-13 10:23:30,price_change,DOWN,0.22,40.6,0.42,0.43
2026-01-13 10:23:31,price_change,DOWN,0.26,411.8,0.42,0.43
2026-01-13 10:23:31,price_change,UP,0.55,675.92,0.57,0.58
2026-01-13 10:23:32,price_change,UP,0.37,879.92,0.57,0.58
2026-01-13 10:23:32,price_change,UP,0.57,1004.3,0.57,0.58
2026-01-13 10:23:32,price_change,UP,0.55,359.92,0.57,0.58
2026-01-13 10:23:32,price_change,UP,0.55,675.92,0.57,0.58
2026-01-13 10:23:33,price_change,UP,0.56,330.58,0.57,0.58
2026-01-13 10:23:33,price_change,DOWN,0.41,495.52,0.42,0.43
2026-01-13 10:23:33,price_change,UP,0.43,1824.3,0.57,0.58
2026-01-13 10:23:34,price_change,DOWN,0.19,38.4,0.42,0.43
2026-01-13 10:23:34,price_change,UP,0.57,919.63,0.57,0.58
2026-01-13 10:23:34,price_change,UP,0.54,441.37,0.57,0.58
2026-01-13 10:23:34,price_change,DOWN,0.42,534.24,0.42,0.43
2026-01-13 10:23:35,price_change,UP,0.54,836.37,0.57,0.58
2026-01-13 10:23:35,price_change,UP,0.57,768.56,0.57,0.58
2026-01-13 10:23:35,price_change,UP,0.57,777.51,0.57,0.58
2026-01-13 10:23:36,price_change,UP,0.57,816.51,0.57,0.58
2026-01-13 10:23:36,price_change,UP,0.57,714.51,0.57,0.58
2026-01-13 10:23:36,price_change,DOWN,0.37,1577.74,0.42,0.43
2026-01-13 10:23:37,price_change,UP,0.57,654.59,0.57,0.58
2026-01-13 10:23:37,price_change,UP,0.57,621.64,0.57,0.58
2026-01-13 10:23:38,price_change,DOWN,0.38,1224.92,0.42,0.43
2026-01-13 10:23:38,price_change,UP,0.37,879.92,0.57,0.58
2026-01-13 10:23:39,price_change,UP,0.57,624.6,0.57,0.58
2026-01-13 10:23:39,price_change,DOWN,0.42,497.74,0.42,0.43
2026-01-13 10:23:39,price_change,UP,0.57,668.87,0.57,0.58
2026-01-13 10:23:40,price_change,DOWN,0.42,476.6,0.42,0.43
2026-01-13 10:23:40,price_change,UP,0.52,650.23,0.57,0.58
2026-01-13 10:23:40,price_change,UP,0.56,418.05,0.57,0.58
2026-01-13 10:23:40,price_change,DOWN,0.16,19.69,0.42,0.43
2026-01-13 10:23:41,price_change,UP,0.16,953.65,0.57,0.58
2026-01-13 10:23:41,price_change,UP,0.55,292.92,0.57,0.58
2026-01-13 10:23:41,price_change,DOWN,0.42,409.7,0.42,0.43
2026-01-13 10:23:41,price_change,UP,0.57,806.97,0.57,0.58
2026-01-13 10:23:42,price_change,UP,0.57,796.11,0.57,0.58
2026-01-13 10:23:42,price_change,DOWN,0.38,1299.92,0.42,0.43
2026-01-13 10:23:42,price_change,DOWN,0.42,379.54,0.42,0.43
2026-01-13 10:23:42,price_change,UP,0.57,822.13,0.57,0.58
2026-01-13 10:23:43,price_change,DOWN,0.24,402.1,0.42,0.43
2026-01-13 10:23:43,price_change,UP,0.49,784.19,0.57,0.58
2026-01-13 10:23:43,price_change,UP,0.54,451.37,0.57,0.58
2026-01-13 10:23:44,price_change,UP,0.55,545.92,0.57,0.58
2026-01-13 10:23:44,price_change,UP,0.55,546.92,0.57,0.58
2026-01-13 10:23:44,price_change,UP,0.43,1858.84,0.57,0.58
2026-01-13 10:23:45,price_change,DOWN,0.37,1627.74,0.42,0.43
2026-01-13 10:23:45,price_change,DOWN,0.36,1073.6,0.42,0.43
2026-01-13 10:23:45,price_change,UP,0.58,855,0.58,0.59
2026-01-13 10:23:45,price_change,UP,0.55,496.92,0.58,0.59
2026-01-13 10:23:46,price_change,UP,0.56,566.06,0.58,0.59
2026-01-13 10:23:46,price_change,DOWN,0.22,40.6,0.41,0.42
2026-01-13 10:23:46,price_change,UP,0.54,1077.37,0.58,0.59
2026-01-13 10:23:47,price_change,UP,0.58,1004.96,0.58,0.59
2026-01-13 10:23:47,price_change,UP,0.55,971.92,0.58,0.59
2026-01-13 10:23:47,price_change,DOWN,0.38,963.92,0.41,0.42
2026-01-13 10:23:48,price_change,DOWN,0.35,1063.7,0.41,0.42
2026-01-13 10:23:48,price_change,DOWN,0.4,1397.92,0.41,0.42
2026-01-13 10:23:48,price_change,UP,0.58,1113.93,0.58,0.59
2026-01-13 10:23:48,price_change,DOWN,0.41,464,0.41,0.42
2026-01-13 10:23:49,price_change,UP,0.58,1010.43,0.58,0.59
2026-01-13 10:23:49,price_change,UP,0.51,842.92,0.58,0.59
2026-01-13 10:23:49,price_change,UP,0.55,506.92,0.58,0.59
2026-01-13 10:23:49,price_change,DOWN,0.03,3443.69,0.41,0.42
2026-01-13 10:23:50,price_change,DOWN,0.41,894,0.41,0.42
2026-01-13 10:23:50,price_change,UP,0.57,1056.44,0.58,0.59
2026-01-13 10:23:50,price_change,DOWN,0.19,38.4,0.41,0.42
2026-01-13 10:23:50,price_change,UP,0.51,497.92,0.58,0.59
2026-01-13 10:23:51,price_change,UP,0.57,1016.44,0.58,0.59
2026-01-13 10:23:51,price_change,UP,0.55,551.92,0.58,0.59
2026-01-13 10:23:51,price_change,UP,0.57,1021.03,0.58,0.59
2026-01-13 10:23:52,price_change,UP,0.57,1011.03,0.58,0.59
2026-01-13 10:23:52,price_change,UP,0.58,351.37,0.58,0.59
2026-01-13 10:23:52,price_change,DOWN,0.41,872,0.41,0.42
2026-01-13 10:23:53,price_change,UP,0.57,935.92,0.58,0.59
2026-01-13 10:23:53,price_change,UP,0.55,533.92,0.58,0.59
2026-01-13 10:23:53,price_change,UP,0.54,682.37,0.58,0.59
2026-01-13 10:23:54,price_change,DOWN,0.41,874,0.41,0.42
2026-01-13 10:23:54,price_change,UP,0.55,545.92,0.58,0.59
2026-01-13 10:23:54,price_change,UP,0.55,555.92,0.58,0.59
2026-01-13 10:23:54,price_change,DOWN,0.04,2995.15,0.41,0.42
2026-01-13 10:23:55,price_change,DOWN,0.4,1238.42,0.41,0.42
2026-01-13 10:23:55,price_change,DOWN,0.41,851.89,0.41,0.42
2026-01-13 10:23:55,price_change,UP,0.55,488.92,0.58,0.59
2026-01-13 10:23:56,price_change,DOWN,0.41,836.51,0.41,0.42
2026-01-13 10:23:56,price_change,UP,0.55,533.92,0.58,0.59
2026-01-13 10:23:56,price_change,UP,0.57,966.03,0.58,0.59
2026-01-13 10:23:56,price_change,UP,0.43,1963.84,0.58,0.59
2026-01-13 10:23:57,price_change,UP,0.55,521.92,0.58,0.59
2026-01-13 10:23:57,price_change,UP,0.55,521.92,0.58,0.59
2026-01-13 10:23:57,price_change,UP,0.57,966.03,0.58,0.59
2026-01-13 10:23:58,price_change,UP,0.55,488.92,0.58,0.59
2026-01-13 10:23:58,price_change,UP,0.55,512.92,0.58,0.59
2026-01-13 10:23:58,price_change,DOWN,0.23,17.3,0.41,0.42
2026-01-13 10:23:58,price_change,UP,0.55,535.92,0.58,0.59
2026-01-13 10:23:59,price_change,DOWN,0.3,1058.07,0.41,0.42
2026-01-13 10:23:59,price_change,DOWN,0.4,1310.42,0.41,0.42
2026-01-13 10:23:59,price_change,UP,0.56,534.48,0.58,0.59
2026-01-13 10:23:59,price_change,DOWN,0.37,1682.74,0.41,0.42
2026-01-13 10:24:00,price_change,UP,0.39,979.87,0.58,0.59
2026-01-13 10:24:00,price_change,UP,0.58,415.52,0.58,0.59
2026-01-13 10:24:00,price_change,DOWN,0.36,1180.52,0.41,0.42
2026-01-13 10:24:01,price_change,UP,0.57,916.03,0.58,0.59
2026-01-13 10:24:01,price_change,DOWN,0.37,1732.74,0.41,0.42
2026-01-13 10:24:01,price_change,UP,0.57,770.53,0.58,0.59
2026-01-13 10:24:02,price_change,UP,0.1,2651.4,0.58,0.59
2026-01-13 10:24:02,price_change,UP,0.55,963.92,0.58,0.59
2026-01-13 10:24:02,price_change,UP,0.56,464.48,0.58,0.59
2026-01-13 10:24:02,price_change,UP,0.58,914.54,0.58,0.59
2026-01-13 10:24:03,price_change,UP,0.55,598.92,0.58,0.59
2026-01-13 10:24:03,price_change,UP,0.58,735.92,0.58,0.59
2026-01-13 10:24:03,price_change,UP,0.58,676.64,0.58,0.59
2026-01-13 10:24:04,price_change,DOWN,0.4,1295.92,0.41,0.42
2026-01-13 10:24:04,price_change,UP,0.55,498.92,0.58,0.59
2026-01-13 10:24:04,price_change,DOWN,0.41,536.92,0.41,0.42
2026-01-13 10:24:05,price_change,UP,0.58,701.25,0.58,0.59
2026-01-13 10:24:05,price_change,UP,0.59,679.75,0.59,0.6
2026-01-13 10:24:05,price_change,DOWN,0.32,993,0.4,0.41
2026-01-13 10:24:05,price_change,DOWN,0.4,1120.69,0.4,0.41
2026-01-13 10:24:06,price_change,DOWN,0.23,117.3,0.4,0.41
2026-01-13 10:24:06,price_change,UP,0.56,449.48,0.59,0.6
2026-01-13 10:24:07,price_change,DOWN,0.39,1246.82,0.4,0.41
2026-01-13 10:24:07,price_change,UP,0.1,2641.4,0.59,0.6
2026-01-13 10:24:07,price_change,UP,0.55,973.92,0.59,0.6
2026-01-13 10:24:07,price_change,UP,0.59,517.75,0.59,0.6
2026-01-13 10:24:08,price_change,UP,0.54,712.36,0.59,0.6
2026-01-13 10:24:08,price_change,DOWN,0.32,998,0.4,0.41
2026-01-13 10:24:08,price_change,DOWN,0.4,1093.46,0.4,0.41
2026-01-13 10:24:09,price_change,DOWN,0.37,1612.74,0.4,0.41
2026-01-13 10:24:09,price_change,UP,0.57,855.42,0.59,0.6
2026-01-13 10:24:09,price_change,DOWN,0.39,1247.32,0.4,0.41
2026-01-13 10:24:09,price_change,UP,0.56,439.48,0.59,0.6
2026-01-13 10:24:10,price_change,UP,0.57,816.42,0.59,0.6
2026-01-13 10:24:10,price_change,UP,0.59,491.88,0.59,0.6
2026-01-13 10:24:10,price_change,DOWN,0.33,6997.9,0.4,0.41
2026-01-13 10:24:10,price_change,DOWN,0.4,765.46,0.4,0.41
2026-01-13 10:24:11,price_change,DOWN,0.4,923.46,0.4,0.41
2026-01-13 10:24:11,price_change,DOWN,0.33,6992.9,0.4,0.41
2026-01-13 10:24:11,price_change,DOWN,0.39,1336.82,0.41,0.42
2026-01-13 10:24:11,price_change,UP,0.51,784.92,0.57,0.58
2026-01-13 10:24:12,price_change,UP,0.53,232.92,0.57,0.58
2026-01-13 10:24:12,price_change,UP,0.55,167.91,0.56,0.57
2026-01-13 10:24:12,price_change,UP,0.54,466.37,0.56,0.57
2026-01-13 10:24:13,price_change,DOWN,0.42,757.51,0.43,0.44
2026-01-13 10:24:13,price_change,DOWN,0.24,522.1,0.43,0.44
2026-01-13 10:24:13,price_change,DOWN,0.41,1685.79,0.43,0.44
2026-01-13 10:24:13,price_change,UP,0.53,612.92,0.56,0.57
2026-01-13 10:24:14,price_change,UP,0.54,901.37,0.56,0.57
2026-01-13 10:24:14,price_change,UP,0.43,1930.84,0.56,0.57
2026-01-13 10:24:14,price_change,DOWN,0.43,587.83,0.43,0.44
2026-01-13 10:24:14,price_change,DOWN,0.39,1070.32,0.43,0.44
2026-01-13 10:24:15,price_change,DOWN,0.4,608.3,0.43,0.44
2026-01-13 10:24:15,price_change,UP,0.45,210.3,0.55,0.56
2026-01-13 10:24:15,price_change,DOWN,0.47,625.36,0.5,0.51
2026-01-13 10:24:16,price_change,DOWN,0.5,176.73,0.5,0.51
2026-01-13 10:24:16,price_change,UP,0.49,264.19,0.49,0.5
2026-01-13 10:24:17,price_change,DOWN,0.47,1151.92,0.49,0.5
2026-01-13 10:24:17,price_change,UP,0.47,238.5,0.5,0.51
2026-01-13 10:24:17,price_change,UP,0.47,613.5,0.5,0.51
2026-01-13 10:24:18,price_change,DOWN,0.44,905.6,0.5,0.51
2026-01-13 10:24:18,price_change,UP,0.48,723.36,0.49,0.5
2026-01-13 10:24:19,price_change,DOWN,0.4,531.2,0.5,0.51
2026-01-13 10:24:19,price_change,DOWN,0.46,1147,0.5,0.51
2026-01-13 10:24:19,price_change,UP,0.49,957.72,0.49,0.5
2026-01-13 10:24:20,price_change,DOWN,0.49,94.65,0.5,0.51
2026-01-13 10:24:20,price_change,DOWN,0.49,85.65,0.49,0.51
2026-01-13 10:24:20,price_change,UP,0.47,588.5,0.5,0.51
2026-01-13 10:24:20,price_change,UP,0.47,603.5,0.5,0.51
2026-01-13 10:24:21,price_change,DOWN,0.41,1946.86,0.49,0.5
2026-01-13 10:24:21,price_change,DOWN,0.48,322.11,0.48,0.49
2026-01-13 10:24:21,price_change,UP,0.5,495,0.51,0.52
2026-01-13 10:24:21,price_change,UP,0.43,1887.3,0.52,0.53
2026-01-13 10:24:22,price_change,UP,0.5,526.5,0.52,0.53
2026-01-13 10:24:22,price_change,UP,0.49,808.89,0.52,0.53
2026-01-13 10:24:22,price_change,UP,0.51,1139,0.53,0.54
2026-01-13 10:24:23,price_change,UP,0.42,1861.3,0.53,0.54
2026-01-13 10:24:23,price_change,UP,0.52,1465.92,0.54,0.57
2026-01-13 10:24:23,price_change,UP,0.53,1595.25,0.56,0.57
2026-01-13 10:24:24,price_change,UP,0.56,991.48,0.56,0.57
2026-01-13 10:24:24,price_change,UP,0.56,890.58,0.56,0.57
2026-01-13 10:24:24,price_change,DOWN,0.42,208.5,0.43,0.44
2026-01-13 10:24:24,price_change,DOWN,0.41,1307.78,0.43,0.44
2026-01-13 10:24:25,price_change,UP,0.53,1583.03,0.56,0.57
2026-01-13 10:24:25,price_change,UP,0.55,137,0.56,0.57
2026-01-13 10:24:25,price_change,UP,0.56,769.15,0.56,0.57
2026-01-13 10:24:26,price_change,UP,0.56,803.5,0.56,0.57
2026-01-13 10:24:26,price_change,UP,0.5,1137.92,0.56,0.57
2026-01-13 10:24:27,price_change,DOWN,0.39,1279.24,0.43,0.44
2026-01-13 10:24:27,price_change,DOWN,0.38,1395.42,0.43,0.44
2026-01-13 10:24:27,price_change,DOWN,0.43,184.43,0.43,0.44
2026-01-13 10:24:27,price_change,DOWN,0.43,164.43,0.43,0.44
2026-01-13 10:24:28,price_change,UP,0.4,1604.72,0.56,0.57
2026-01-13 10:24:28,price_change,UP,0.56,1094.1,0.56,0.57
2026-01-13 10:24:28,price_change,DOWN,0.37,1516.74,0.43,0.44
2026-01-13 10:24:29,price_change,UP,0.57,65.88,0.57,0.58
2026-01-13 10:24:29,price_change,DOWN,0.34,1104.8,0.42,0.43
2026-01-13 10:24:29,price_change,UP,0.43,1796.3,0.57,0.58
2026-01-13 10:24:30,price_change,UP,0.56,839.76,0.57,0.58
2026-01-13 10:24:30,price_change,UP,0.57,341,0.57,0.58
2026-01-13 10:24:30,price_change,DOWN,0.42,70.48,0.42,0.43
2026-01-13 10:24:30,price_change,UP,0.57,350.83,0.57,0.58
2026-01-13 10:24:31,price_change,DOWN,0.41,1014.28,0.42,0.43
2026-01-13 10:24:31,price_change,UP,0.57,332.75,0.57,0.58
2026-01-13 10:24:31,price_change,UP,0.57,316,0.57,0.58
2026-01-13 10:24:31,price_change,UP,0.57,260.84,0.57,0.58
2026-01-13 10:24:32,price_change,UP,0.57,211.41,0.57,0.58
2026-01-13 10:24:33,price_change,DOWN,0.24,422.1,0.42,0.43
2026-01-13 10:24:33,price_change,UP,0.56,903.26,0.57,0.58
2026-01-13 10:24:33,price_change,UP,0.56,300.07,0.56,0.57
2026-01-13 10:24:34,price_change,UP,0.5,1027.92,0.56,0.57
2026-01-13 10:24:34,price_change,DOWN,0.33,7092.9,0.43,0.44
2026-01-13 10:24:34,price_change,UP,0.54,652.92,0.56,0.57
2026-01-13 10:24:34,price_change,DOWN,0.41,837.78,0.42,0.43
2026-01-13 10:24:35,price_change,UP,0.52,1366.52,0.57,0.58
2026-01-13 10:24:35,price_change,UP,0.57,20.5,0.57,0.58
2026-01-13 10:24:35,price_change,DOWN,0.38,1429.92,0.42,0.43
2026-01-13 10:24:35,price_change,UP,0.53,1819.03,0.57,0.58
2026-01-13 10:24:36,price_change,DOWN,0.42,419,0.42,0.43
2026-01-13 10:24:36,price_change,UP,0.57,44.74,0.57,0.58
2026-01-13 10:24:37,price_change,UP,0.54,420.1,0.57,0.58
2026-01-13 10:24:37,price_change,DOWN,0.43,79,0.43,0.44
2026-01-13 10:24:37,price_change,UP,0.43,1791.3,0.56,0.57
2026-01-13 10:24:37,price_change,UP,0.02,5382.67,0.56,0.57
2026-01-13 10:24:38,price_change,DOWN,0.43,55,0.43,0.44
2026-01-13 10:24:38,price_change,DOWN,0.2,48.1,0.43,0.44
2026-01-13 10:24:38,price_change,UP,0.55,284.77,0.56,0.57
2026-01-13 10:24:38,price_change,DOWN,0.38,1454.92,0.43,0.44
2026-01-13 10:24:39,price_change,UP,0.44,466.3,0.56,0.57
2026-01-13 10:24:39,price_change,UP,0.46,618.62,0.5,0.51
2026-01-13 10:24:40,price_change,DOWN,0.46,585.91,0.49,0.5
2026-01-13 10:24:40,price_change,DOWN,0.45,1014,0.49,0.5
2026-01-13 10:24:40,price_change,DOWN,0.37,1304.82,0.48,0.49
2026-01-13 10:24:41,price_change,UP,0.51,20,0.51,0.52
2026-01-13 10:24:41,price_change,DOWN,0.46,585.41,0.47,0.49
2026-01-13 10:24:41,price_change,DOWN,0.44,1871.28,0.47,0.48
2026-01-13 10:24:41,price_change,DOWN,0.47,442.39,0.47,0.48
2026-01-13 10:24:42,price_change,UP,0.51,49.55,0.51,0.53
2026-01-13 10:24:42,price_change,UP,0.5,510.43,0.51,0.52
2026-01-13 10:24:42,price_change,UP,0.48,588.56,0.51,0.52
2026-01-13 10:24:43,price_change,UP,0.51,27.33,0.51,0.52
2026-01-13 10:24:43,price_change,UP,0.46,869.12,0.51,0.52
2026-01-13 10:24:43,price_change,DOWN,0.47,1164.39,0.48,0.49
2026-01-13 10:24:44,price_change,DOWN,0.47,868.89,0.48,0.49
2026-01-13 10:24:44,price_change,DOWN,0.47,924.63,0.48,0.49
2026-01-13 10:24:45,price_change,DOWN,0.25,511.9,0.48,0.49
2026-01-13 10:24:45,price_change,UP,0.51,20.06,0.51,0.52
2026-01-13 10:24:45,price_change,DOWN,0.47,1082.97,0.48,0.49
2026-01-13 10:24:45,price_change,DOWN,0.48,349.94,0.48,0.49
2026-01-13 10:24:46,price_change,UP,0.51,98.63,0.51,0.52
2026-01-13 10:24:46,price_change,DOWN,0.46,1080.25,0.48,0.49
2026-01-13 10:24:46,price_change,UP,0.47,641.42,0.51,0.52
2026-01-13 10:24:46,price_change,UP,0.5,1131.11,0.51,0.52
2026-01-13 10:24:47,price_change,DOWN,0.4,601,0.48,0.49
2026-01-13 10:24:47,price_change,DOWN,0.48,367.94,0.48,0.49
2026-01-13 10:24:47,price_change,UP,0.5,706.27,0.5,0.52
2026-01-13 10:24:48,price_change,DOWN,0.47,1144.73,0.49,0.5
2026-01-13 10:24:48,price_change,DOWN,0.48,468.19,0.49,0.5
2026-01-13 10:24:48,price_change,DOWN,0.46,1030.58,0.49,0.5
2026-01-13 10:24:48,price_change,UP,0.5,606.29,0.5,0.51
2026-01-13 10:24:49,price_change,UP,0.47,290.42,0.5,0.51
2026-01-13 10:24:49,price_change,UP,0.5,549.38,0.5,0.51
2026-01-13 10:24:50,price_change,DOWN,0.27,501.6,0.49,0.5
2026-01-13 10:24:50,price_change,UP,0.47,290.42,0.5,0.51
2026-01-13 10:24:51,price_change,DOWN,0.49,325.94,0.49,0.5
2026-01-13 10:24:51,price_change,DOWN,0.37,1280.76,0.49,0.5
2026-01-13 10:24:51,price_change,DOWN,0.48,630.19,0.49,0.5
2026-01-13 10:24:52,price_change,UP,0.49,308.15,0.5,0.51
2026-01-13 10:24:52,price_change,UP,0.45,1265.02,0.5,0.51
2026-01-13 10:24:52,price_change,DOWN,0.48,665.6,0.49,0.5
2026-01-13 10:24:52,price_change,UP,0.45,1298.02,0.5,0.51
2026-01-13 10:24:53,price_change,DOWN,0.48,600.6,0.49,0.5
2026-01-13 10:24:53,price_change,UP,0.5,404.37,0.5,0.51
2026-01-13 10:24:53,price_change,UP,0.47,278.42,0.5,0.51
2026-01-13 10:24:54,price_change,DOWN,0.47,895.34,0.49,0.5
2026-01-13 10:24:54,price_change,DOWN,0.49,527.83,0.49,0.5
2026-01-13 10:24:55,price_change,DOWN,0.48,638.6,0.49,0.5
2026-01-13 10:24:55,price_change,DOWN,0.46,1435.59,0.49,0.5
2026-01-13 10:24:55,price_change,UP,0.48,265.6,0.5,0.51
2026-01-13 10:24:55,price_change,DOWN,0.47,850.34,0.49,0.5
2026-01-13 10:24:56,price_change,DOWN,0.46,1400.59,0.49,0.5
2026-01-13 10:24:56,price_change,DOWN,0.49,398.33,0.49,0.5
2026-01-13 10:24:56,price_change,UP,0.47,296.42,0.5,0.51
2026-01-13 10:24:56,price_change,DOWN,0.49,383.14,0.49,0.5
2026-01-13 10:24:57,price_change,UP,0.5,115.22,0.5,0.51
2026-01-13 10:24:57,price_change,UP,0.49,138.74,0.49,0.5
2026-01-13 10:24:57,price_change,UP,0.48,126.46,0.49,0.5
2026-01-13 10:24:57,price_change,UP,0.41,1109.11,0.48,0.49
2026-01-13 10:24:58,price_change,UP,0.45,371.22,0.48,0.49
2026-01-13 10:24:58,price_change,DOWN,0.49,1229.14,0.51,0.52
2026-01-13 10:24:58,price_change,DOWN,0.51,451.01,0.51,0.52
2026-01-13 10:24:59,price_change,DOWN,0.5,1236.5,0.51,0.52
2026-01-13 10:24:59,price_change,UP,0.48,305.14,0.48,0.49
2026-01-13 10:24:59,price_change,UP,0.47,326.54,0.47,0.49
2026-01-13 10:25:00,price_change,DOWN,0.45,1203.11,0.52,0.53
2026-01-13 10:25:00,price_change,DOWN,0.51,559.26,0.52,0.53
2026-01-13 10:25:00,price_change,UP,0.43,693.5,0.47,0.48
2026-01-13 10:25:00,price_change,DOWN,0.52,3014.33,0.54,0.56
2026-01-13 10:25:01,price_change,DOWN,0.54,606.92,0.55,0.61
2026-01-13 10:25:01,price_change,UP,0.39,158.11,0.39,0.41
2026-01-13 10:25:01,price_change,DOWN,0.6,322.69,0.6,0.61
2026-01-13 10:25:01,price_change,UP,0.39,400.08,0.39,0.4
2026-01-13 10:25:02,price_change,DOWN,0.6,519.11,0.6,0.62
2026-01-13 10:25:02,price_change,UP,0.34,398,0.38,0.39
2026-01-13 10:25:02,price_change,DOWN,0.61,1420.5,0.62,0.63
2026-01-13 10:25:02,price_change,UP,0.35,64.5,0.35,0.37
2026-01-13 10:25:03,price_change,DOWN,0.5,1974.85,0.65,0.66
2026-01-13 10:25:03,price_change,DOWN,0.65,184.65,0.65,0.66
2026-01-13 10:25:03,price_change,DOWN,0.65,280.53,0.65,0.66
2026-01-13 10:25:03,price_change,UP,0.34,673.13,0.34,0.35
2026-01-13 10:25:04,price_change,UP,0.34,342.72,0.34,0.35
2026-01-13 10:25:04,price_change,UP,0.31,922.92,0.34,0.35
2026-01-13 10:25:04,price_change,UP,0.24,1086.2,0.34,0.35
2026-01-13 10:25:05,price_change,UP,0.03,3577.01,0.34,0.35
2026-01-13 10:25:05,price_change,UP,0.34,545,0.34,0.35
2026-01-13 10:25:05,price_change,DOWN,0.64,205,0.66,0.68
2026-01-13 10:25:06,price_change,DOWN,0.66,1601.44,0.66,0.67
2026-01-13 10:25:06,price_change,DOWN,0.67,119,0.67,0.68
2026-01-13 10:25:06,price_change,UP,0.31,652.81,0.32,0.33
2026-01-13 10:25:06,price_change,DOWN,0.67,176.32,0.67,0.68
2026-01-13 10:25:07,price_change,UP,0.32,57.8,0.32,0.33
2026-01-13 10:25:07,price_change,DOWN,0.66,1006.88,0.67,0.68
2026-01-13 10:25:07,price_change,UP,0.32,308.59,0.32,0.33
2026-01-13 10:25:08,price_change,UP,0.31,651.81,0.32,0.33
2026-01-13 10:25:09,price_change,DOWN,0.56,952,0.67,0.68
2026-01-13 10:25:09,price_change,UP,0.27,1109.52,0.32,0.33
2026-01-13 10:25:09,price_change,UP,0.32,137.79,0.32,0.33
2026-01-13 10:25:09,price_change,DOWN,0.6,819.33,0.67,0.68
2026-01-13 10:25:10,price_change,DOWN,0.63,908.92,0.67,0.68
2026-01-13 10:25:10,price_change,DOWN,0.57,802,0.67,0.68
2026-01-13 10:25:10,price_change,UP,0.3,737.89,0.32,0.33
2026-01-13 10:25:10,price_change,UP,0.25,889.8,0.32,0.33
2026-01-13 10:25:11,price_change,DOWN,0.63,1008.92,0.67,0.68
2026-01-13 10:25:11,price_change,UP,0.25,889.8,0.32,0.33
2026-01-13 10:25:11,price_change,DOWN,0.01,11128.68,0.67,0.68
2026-01-13 10:25:11,price_change,UP,0.24,885.2,0.32,0.33
2026-01-13 10:25:12,price_change,DOWN,0.67,680.97,0.67,0.68
2026-01-13 10:25:12,price_change,DOWN,0.64,832,0.67,0.68
2026-01-13 10:25:12,price_change,DOWN,0.6,944.33,0.67,0.68
2026-01-13 10:25:13,price_change,DOWN,0.67,637.27,0.67,0.68
2026-01-13 10:25:13,price_change,UP,0.29,759.1,0.32,0.33
2026-01-13 10:25:13,price_change,DOWN,0.67,633.81,0.67,0.68
2026-01-13 10:25:14,price_change,DOWN,0.59,1281,0.67,0.68
2026-01-13 10:25:14,price_change,DOWN,0.52,2090.33,0.67,0.68
2026-01-13 10:25:15,price_change,UP,0.43,85,0.46,0.47
2026-01-13 10:25:15,price_change,UP,0.46,302.23,0.46,0.47
2026-01-13 10:25:15,price_change,UP,0.46,433,0.46,0.47
2026-01-13 10:25:16,price_change,UP,0.39,294.02,0.46,0.47
2026-01-13 10:25:16,price_change,DOWN,0.01,11117.54,0.53,0.54
2026-01-13 10:25:16,price_change,UP,0.33,1089.9,0.46,0.47
2026-01-13 10:25:17,price_change,UP,0.45,263.36,0.45,0.46
2026-01-13 10:25:17,price_change,DOWN,0.52,1840.99,0.54,0.55
2026-01-13 10:25:17,price_change,DOWN,0.54,187.04,0.54,0.55
2026-01-13 10:25:17,price_change,UP,0.43,138,0.45,0.46
2026-01-13 10:25:18,price_change,UP,0.45,83.57,0.45,0.46
2026-01-13 10:25:18,price_change,DOWN,0.55,14,0.55,0.57
2026-01-13 10:25:18,price_change,UP,0.35,55,0.43,0.44
2026-01-13 10:25:18,price_change,DOWN,0.56,0,0.55,0.57
2026-01-13 10:25:19,price_change,DOWN,0.32,963,0.56,0.57
2026-01-13 10:25:19,price_change,DOWN,0.54,172.38,0.55,0.57
2026-01-13 10:25:19,price_change,UP,0.44,117.2,0.44,0.45
2026-01-13 10:25:20,price_change,UP,0.42,865.42,0.45,0.46
2026-01-13 10:25:20,price_change,UP,0.44,512.2,0.45,0.46
2026-01-13 10:25:20,price_change,UP,0.37,480,0.45,0.46
2026-01-13 10:25:20,price_change,UP,0.45,920.85,0.46,0.47
2026-01-13 10:25:21,price_change,DOWN,0.53,915.85,0.53,0.54
2026-01-13 10:25:21,price_change,UP,0.46,942.53,0.46,0.47
2026-01-13 10:25:21,price_change,DOWN,0.51,798.63,0.53,0.54
2026-01-13 10:25:21,price_change,DOWN,0.51,803.63,0.53,0.54
2026-01-13 10:25:22,price_change,UP,0.46,933.01,0.46,0.47
2026-01-13 10:25:22,price_change,UP,0.46,927.53,0.46,0.47
2026-01-13 10:25:22,price_change,UP,0.46,920.51,0.46,0.47
2026-01-13 10:25:22,price_change,DOWN,0.46,656.2,0.53,0.54
2026-01-13 10:25:23,price_change,UP,0.46,878.01,0.46,0.47
2026-01-13 10:25:23,price_change,DOWN,0.29,409.3,0.53,0.54
2026-01-13 10:25:23,price_change,UP,0.46,839.75,0.46,0.47
2026-01-13 10:25:23,price_change,UP,0.46,2222.8,0.46,0.47
2026-01-13 10:25:24,price_change,UP,0.46,2175.95,0.46,0.47
2026-01-13 10:25:24,price_change,DOWN,0.53,1601.16,0.53,0.54
2026-01-13 10:25:24,price_change,DOWN,0.53,1592.52,0.53,0.54
2026-01-13 10:25:25,price_change,DOWN,0.53,1484.28,0.53,0.54
2026-01-13 10:25:25,price_change,DOWN,0.53,1582.23,0.53,0.54
2026-01-13 10:25:26,price_change,DOWN,0.53,1813.22,0.53,0.54
2026-01-13 10:25:26,price_change,UP,0.43,470.35,0.46,0.47
2026-01-13 10:25:26,price_change,UP,0.44,232.21,0.46,0.47
2026-01-13 10:25:27,price_change,DOWN,0.53,1644.67,0.53,0.54
2026-01-13 10:25:27,price_change,UP,0.46,706.49,0.46,0.47
2026-01-13 10:25:27,price_change,DOWN,0.53,2830.27,0.53,0.54
2026-01-13 10:25:28,price_change,UP,0.43,98.35,0.46,0.47
2026-01-13 10:25:28,price_change,UP,0.41,576.99,0.45,0.46
2026-01-13 10:25:28,price_change,UP,0.42,319.87,0.45,0.46
2026-01-13 10:25:28,price_change,DOWN,0.54,108.68,0.54,0.55
2026-01-13 10:25:29,price_change,UP,0.4,929.12,0.45,0.46
2026-01-13 10:25:29,price_change,UP,0.36,736,0.44,0.46
2026-01-13 10:25:29,price_change,UP,0.37,997,0.44,0.46
2026-01-13 10:25:29,price_change,UP,0.42,299.87,0.44,0.45
2026-01-13 10:25:30,price_change,DOWN,0.55,412.09,0.55,0.56
2026-01-13 10:25:30,price_change,UP,0.44,116.63,0.44,0.45
2026-01-13 10:25:31,price_change,UP,0.37,757.2,0.44,0.45
2026-01-13 10:25:31,price_change,UP,0.37,752.2,0.43,0.45
2026-01-13 10:25:31,price_change,DOWN,0.54,1879,0.56,0.57
2026-01-13 10:25:32,price_change,UP,0.41,780.42,0.43,0.44
2026-01-13 10:25:32,price_change,DOWN,0.56,156.36,0.56,0.57
2026-01-13 10:25:32,price_change,UP,0.43,136.2,0.43,0.44
2026-01-13 10:25:33,price_change,DOWN,0.56,108.83,0.56,0.57
2026-01-13 10:25:33,price_change,DOWN,0.49,1287.07,0.56,0.57
2026-01-13 10:25:33,price_change,DOWN,0.56,74.18,0.56,0.57
2026-01-13 10:25:34,price_change,DOWN,0.5,1942.12,0.56,0.57
2026-01-13 10:25:34,price_change,DOWN,0.56,102.92,0.56,0.57
2026-01-13 10:25:34,price_change,DOWN,0.56,58.92,0.56,0.57
2026-01-13 10:25:34,price_change,UP,0.41,306.42,0.43,0.44
2026-01-13 10:25:35,price_change,UP,0.42,168.66,0.43,0.44
2026-01-13 10:25:35,price_change,DOWN,0.55,718.17,0.56,0.57
2026-01-13 10:25:35,price_change,UP,0.41,141.97,0.41,0.42
2026-01-13 10:25:35,price_change,DOWN,0.52,1223.21,0.58,0.59
2026-01-13 10:25:36,price_change,UP,0.32,944.1,0.41,0.42
2026-01-13 10:25:36,price_change,UP,0.33,1827.4,0.41,0.42
2026-01-13 10:25:36,price_change,UP,0.37,628.42,0.41,0.42
2026-01-13 10:25:36,price_change,UP,0.38,217.92,0.41,0.42
2026-01-13 10:25:37,price_change,UP,0.37,632.92,0.41,0.42
2026-01-13 10:25:37,price_change,UP,0.38,637.42,0.41,0.42
2026-01-13 10:25:37,price_change,DOWN,0.57,134.08,0.58,0.59
2026-01-13 10:25:38,price_change,UP,0.34,876.4,0.41,0.42
2026-01-13 10:25:38,price_change,DOWN,0.57,401.07,0.58,0.59
2026-01-13 10:25:38,price_change,DOWN,0.58,1344.73,0.58,0.59
2026-01-13 10:25:38,price_change,DOWN,0.57,776.92,0.59,0.6
2026-01-13 10:25:39,price_change,UP,0.38,1029.91,0.39,0.4
2026-01-13 10:25:39,price_change,DOWN,0.6,271.26,0.6,0.61
2026-01-13 10:25:39,price_change,DOWN,0.56,1096.85,0.6,0.61
2026-01-13 10:25:40,price_change,UP,0.38,974.91,0.39,0.4
2026-01-13 10:25:40,price_change,DOWN,0.6,324.19,0.6,0.61
2026-01-13 10:25:40,price_change,DOWN,0.6,356.87,0.6,0.61
2026-01-13 10:25:40,price_change,DOWN,0.56,1106.85,0.6,0.61
2026-01-13 10:25:41,price_change,DOWN,0.42,1182.74,0.6,0.61
2026-01-13 10:25:41,price_change,UP,0.31,1124.1,0.39,0.4
2026-01-13 10:25:41,price_change,UP,0.39,321.21,0.39,0.4
2026-01-13 10:25:41,price_change,UP,0.39,729.99,0.39,0.4
2026-01-13 10:25:42,price_change,DOWN,0.6,100.68,0.6,0.61
2026-01-13 10:25:42,price_change,UP,0.35,1623.92,0.39,0.4
2026-01-13 10:25:42,price_change,DOWN,0.6,244.98,0.6,0.61
2026-01-13 10:25:42,price_change,UP,0.38,944.22,0.39,0.4
2026-01-13 10:25:43,price_change,UP,0.36,984.41,0.39,0.4
2026-01-13 10:25:43,price_change,UP,0.32,363.92,0.39,0.4
2026-01-13 10:25:43,price_change,DOWN,0.6,2227.32,0.63,0.64
2026-01-13 10:25:43,price_change,DOWN,0.63,400.09,0.63,0.65
2026-01-13 10:25:44,price_change,UP,0.35,89,0.35,0.36
2026-01-13 10:25:44,price_change,UP,0.28,1035.32,0.35,0.36
2026-01-13 10:25:44,price_change,DOWN,0.65,278.77,0.65,0.66
2026-01-13 10:25:45,price_change,DOWN,0.65,300.77,0.65,0.66
2026-01-13 10:25:45,price_change,UP,0.34,103.3,0.34,0.35
2026-01-13 10:25:45,price_change,DOWN,0.65,255.18,0.65,0.66
2026-01-13 10:25:46,price_change,UP,0.34,128.3,0.34,0.35
2026-01-13 10:25:46,price_change,UP,0.34,148.3,0.34,0.35
2026-01-13 10:25:46,price_change,DOWN,0.45,1073.41,0.65,0.66
2026-01-13 10:25:46,price_change,DOWN,0.65,225.18,0.65,0.66
2026-01-13 10:25:47,price_change,UP,0.33,359.9,0.34,0.35
2026-01-13 10:25:47,price_change,DOWN,0.65,159.35,0.65,0.66
2026-01-13 10:25:48,price_change,DOWN,0.65,76.35,0.65,0.66
2026-01-13 10:25:48,price_change,UP,0.3,1227.2,0.34,0.35
2026-01-13 10:25:48,price_change,DOWN,0.64,404.94,0.65,0.66
2026-01-13 10:25:48,price_change,UP,0.31,873.02,0.34,0.35
2026-01-13 10:25:49,price_change,DOWN,0.65,555.85,0.65,0.66
2026-01-13 10:25:49,price_change,UP,0.32,741.98,0.34,0.35
2026-01-13 10:25:49,price_change,DOWN,0.65,660.57,0.65,0.66
2026-01-13 10:25:49,price_change,DOWN,0.4,6884.4,0.65,0.66
2026-01-13 10:25:50,price_change,DOWN,0.65,530.43,0.65,0.66
2026-01-13 10:25:50,price_change,DOWN,0.65,652.86,0.65,0.66
2026-01-13 10:25:50,price_change,DOWN,0.63,700,0.66,0.67
2026-01-13 10:25:50,price_change,DOWN,0.63,707.19,0.66,0.67
2026-01-13 10:25:51,price_change,DOWN,0.64,703.94,0.66,0.67
2026-01-13 10:25:51,price_change,DOWN,0.66,311.77,0.66,0.67
2026-01-13 10:25:51,price_change,UP,0.33,0,0.32,0.34
2026-01-13 10:25:52,price_change,UP,0.23,1221.34,0.31,0.32
2026-01-13 10:25:53,price_change,DOWN,0.63,573.19,0.72,0.74
2026-01-13 10:25:53,price_change,UP,0.09,2537.01,0.26,0.27
2026-01-13 10:25:53,price_change,UP,0.26,669.27,0.26,0.27
2026-01-13 10:25:54,price_change,UP,0.22,526.6,0.26,0.27
2026-01-13 10:25:54,price_change,DOWN,0.73,298.07,0.73,0.74
2026-01-13 10:25:54,price_change,DOWN,0.69,671.92,0.73,0.74
2026-01-13 10:25:54,price_change,UP,0.23,979.26,0.26,0.27
2026-01-13 10:25:55,price_change,DOWN,0.73,166.71,0.73,0.74
2026-01-13 10:25:55,price_change,UP,0.19,856.32,0.26,0.27
2026-01-13 10:25:55,price_change,DOWN,0.73,204.31,0.73,0.74
2026-01-13 10:25:56,price_change,UP,0.24,699.12,0.27,0.28
2026-01-13 10:25:56,price_change,UP,0.26,560.2,0.27,0.28
2026-01-13 10:25:56,price_change,UP,0.25,600.9,0.27,0.28
2026-01-13 10:25:57,price_change,DOWN,0.71,914.51,0.72,0.74
2026-01-13 10:25:57,price_change,DOWN,0.69,584.92,0.73,0.74
2026-01-13 10:25:57,price_change,UP,0.26,446.15,0.26,0.27
2026-01-13 10:25:58,price_change,DOWN,0.58,1434.07,0.73,0.74
2026-01-13 10:25:58,price_change,UP,0.22,825.52,0.26,0.27
2026-01-13 10:25:58,price_change,DOWN,0.72,668.36,0.72,0.73
2026-01-13 10:25:58,price_change,UP,0.25,623.5,0.26,0.27
2026-01-13 10:25:59,price_change,UP,0.26,413.32,0.26,0.27
2026-01-13 10:25:59,price_change,UP,0.26,381.83,0.26,0.27
2026-01-13 10:25:59,price_change,DOWN,0.48,1136.75,0.73,0.74
2026-01-13 10:25:59,price_change,DOWN,0.71,1014.44,0.73,0.74
2026-01-13 10:26:00,price_change,DOWN,0.49,948.41,0.73,0.74
2026-01-13 10:26:00,price_change,UP,0.19,749.4,0.26,0.27
2026-01-13 10:26:01,price_change,DOWN,0.71,1376.44,0.73,0.74
2026-01-13 10:26:01,price_change,DOWN,0.73,490.39,0.73,0.74
2026-01-13 10:26:01,price_change,DOWN,0.72,1054.35,0.73,0.74
2026-01-13 10:26:02,price_change,DOWN,0.71,1369.45,0.73,0.74
2026-01-13 10:26:02,price_change,DOWN,0.7,977,0.73,0.74
2026-01-13 10:26:02,price_change,UP,0.21,886.72,0.26,0.27
2026-01-13 10:26:02,price_change,DOWN,0.68,1032.72,0.73,0.74
2026-01-13 10:26:03,price_change,DOWN,0.71,1359.45,0.73,0.74
2026-01-13 10:26:03,price_change,DOWN,0.46,963.2,0.73,0.74
2026-01-13 10:26:03,price_change,DOWN,0.72,686.68,0.73,0.74
2026-01-13 10:26:03,price_change,UP,0.21,881.72,0.26,0.27
2026-01-13 10:26:04,price_change,UP,0.23,953.34,0.26,0.27
2026-01-13 10:26:04,price_change,UP,0.22,775.52,0.26,0.27
2026-01-13 10:26:05,price_change,UP,0.22,775.52,0.26,0.27
2026-01-13 10:26:05,price_change,UP,0.24,744.12,0.26,0.27
2026-01-13 10:26:05,price_change,DOWN,0.73,315.48,0.73,0.74
2026-01-13 10:26:05,price_change,DOWN,0.69,647.92,0.73,0.74
2026-01-13 10:26:06,price_change,UP,0.26,191.78,0.26,0.27
2026-01-13 10:26:06,price_change,DOWN,0.71,1396.78,0.73,0.74
2026-01-13 10:26:06,price_change,DOWN,0.48,1136.75,0.73,0.74
2026-01-13 10:26:06,price_change,DOWN,0.73,133.4,0.73,0.74
2026-01-13 10:26:07,price_change,DOWN,0.72,1502.35,0.73,0.74
2026-01-13 10:26:07,price_change,UP,0.22,775.52,0.26,0.27
2026-01-13 10:26:07,price_change,DOWN,0.72,1105.35,0.73,0.74
2026-01-13 10:26:07,price_change,UP,0.26,424.38,0.26,0.27
2026-01-13 10:26:08,price_change,UP,0.26,399.38,0.26,0.27
2026-01-13 10:26:08,price_change,DOWN,0.55,730.4,0.73,0.74
2026-01-13 10:26:08,price_change,DOWN,0.71,934.86,0.73,0.74
2026-01-13 10:26:09,price_change,DOWN,0.73,259.1,0.73,0.74
2026-01-13 10:26:09,price_change,UP,0.26,378.48,0.26,0.27
2026-01-13 10:26:09,price_change,UP,0.23,1570.25,0.26,0.27
2026-01-13 10:26:09,price_change,DOWN,0.73,1557.85,0.73,0.74
2026-01-13 10:26:10,price_change,DOWN,0.73,1578.85,0.73,0.74
2026-01-13 10:26:10,price_change,UP,0.26,517.93,0.26,0.27
2026-01-13 10:26:10,price_change,DOWN,0.55,725.4,0.73,0.74
2026-01-13 10:26:11,price_change,UP,0.23,1580.75,0.26,0.27
2026-01-13 10:26:11,price_change,DOWN,0.68,622.72,0.73,0.74
2026-01-13 10:26:11,price_change,DOWN,0.55,725.4,0.73,0.74
2026-01-13 10:26:12,price_change,DOWN,0.73,1623.51,0.73,0.74
2026-01-13 10:26:12,price_change,UP,0.26,337.5,0.26,0.27
2026-01-13 10:26:12,price_change,DOWN,0.71,968.58,0.73,0.74
2026-01-13 10:26:13,price_change,UP,0.22,442.6,0.26,0.27
2026-01-13 10:26:13,price_change,DOWN,0.47,701.2,0.73,0.74
2026-01-13 10:26:13,price_change,DOWN,0.71,892.25,0.73,0.74
2026-01-13 10:26:13,price_change,DOWN,0.69,597.92,0.73,0.74
2026-01-13 10:26:14,price_change,DOWN,0.5,720.4,0.73,0.74
2026-01-13 10:26:14,price_change,DOWN,0.69,597.92,0.73,0.74
2026-01-13 10:26:14,price_change,DOWN,0.71,866.75,0.73,0.74
2026-01-13 10:26:15,price_change,UP,0.26,268.22,0.26,0.27
2026-01-13 10:26:15,price_change,DOWN,0.71,873.08,0.73,0.74
2026-01-13 10:26:15,price_change,DOWN,0.71,876.08,0.73,0.74
2026-01-13 10:26:15,price_change,DOWN,0.67,760,0.73,0.74
2026-01-13 10:26:16,price_change,DOWN,0.69,330.92,0.73,0.74
2026-01-13 10:26:16,price_change,DOWN,0.69,697.92,0.73,0.74
2026-01-13 10:26:16,price_change,UP,0.26,241.12,0.26,0.27
2026-01-13 10:26:17,price_change,UP,0.26,107.33,0.26,0.27
2026-01-13 10:26:17,price_change,DOWN,0.55,730.4,0.73,0.74
2026-01-13 10:26:17,price_change,UP,0.26,902.15,0.26,0.27
2026-01-13 10:26:18,price_change,DOWN,0.72,1027.78,0.73,0.74
2026-01-13 10:26:18,price_change,UP,0.23,1478.04,0.26,0.27
2026-01-13 10:26:18,price_change,UP,0.24,673.26,0.26,0.27
2026-01-13 10:26:18,price_change,UP,0.26,869.09,0.26,0.27
2026-01-13 10:26:19,price_change,UP,0.2,1084.6,0.26,0.27
2026-01-13 10:26:19,price_change,UP,0.23,1478.04,0.26,0.27
2026-01-13 10:26:19,price_change,DOWN,0.69,697.92,0.73,0.74
2026-01-13 10:26:20,price_change,DOWN,0.69,597.92,0.73,0.74
2026-01-13 10:26:20,price_change,DOWN,0.72,1033.67,0.73,0.74
2026-01-13 10:26:20,price_change,UP,0.26,613.17,0.26,0.27
2026-01-13 10:26:20,price_change,DOWN,0.73,1460.25,0.73,0.74
2026-01-13 10:26:21,price_change,UP,0.21,524.8,0.26,0.27
2026-01-13 10:26:21,price_change,DOWN,0.69,222.92,0.73,0.74
2026-01-13 10:26:21,price_change,DOWN,0.55,725.4,0.73,0.74
2026-01-13 10:26:22,price_change,DOWN,0.68,931.72,0.73,0.74
2026-01-13 10:26:22,price_change,DOWN,0.01,11073.24,0.73,0.74
2026-01-13 10:26:22,price_change,DOWN,0.72,1044.36,0.73,0.74
2026-01-13 10:26:22,price_change,UP,0.23,1492.54,0.26,0.27
2026-01-13 10:26:23,price_change,DOWN,0.71,1428.67,0.73,0.74
2026-01-13 10:26:23,price_change,UP,0.23,1517.04,0.26,0.27
2026-01-13 10:26:23,price_change,UP,0.23,1517.04,0.26,0.27
2026-01-13 10:26:23,price_change,DOWN,0.73,1526.43,0.73,0.74
2026-01-13 10:26:24,price_change,DOWN,0.73,1607.43,0.73,0.74
2026-01-13 10:26:24,price_change,DOWN,0.47,711.2,0.73,0.74
2026-01-13 10:26:24,price_change,UP,0.23,1450.54,0.26,0.27
2026-01-13 10:26:25,price_change,DOWN,0.7,249.42,0.73,0.74
2026-01-13 10:26:25,price_change,DOWN,0.73,1595.43,0.73,0.74
2026-01-13 10:26:25,price_change,DOWN,0.71,1328.67,0.73,0.74
2026-01-13 10:26:25,price_change,UP,0.26,379.3,0.26,0.27
2026-01-13 10:26:26,price_change,DOWN,0.5,720.4,0.73,0.74
2026-01-13 10:26:26,price_change,UP,0.26,374.3,0.26,0.27
2026-01-13 10:26:26,price_change,UP,0.23,1492.54,0.26,0.27
2026-01-13 10:26:27,price_change,DOWN,0.68,840.8,0.73,0.74
2026-01-13 10:26:27,price_change,DOWN,0.55,830.4,0.73,0.74
2026-01-13 10:26:27,price_change,DOWN,0.73,1715.23,0.73,0.74
2026-01-13 10:26:27,price_change,UP,0.23,1500.54,0.26,0.27
2026-01-13 10:26:28,price_change,UP,0.2,1114.6,0.26,0.27
2026-01-13 10:26:28,price_change,DOWN,0.45,964.41,0.73,0.74
2026-01-13 10:26:28,price_change,UP,0.22,385.1,0.26,0.27
2026-01-13 10:26:29,price_change,DOWN,0.73,1751.23,0.73,0.74
2026-01-13 10:26:29,price_change,UP,0.23,1500.54,0.26,0.27
2026-01-13 10:26:29,price_change,DOWN,0.44,953.3,0.73,0.74
2026-01-13 10:26:29,price_change,UP,0.26,96.55,0.26,0.27
2026-01-13 10:26:30,price_change,DOWN,0.45,953.41,0.73,0.74
2026-01-13 10:26:30,price_change,UP,0.26,86.55,0.26,0.27
2026-01-13 10:26:30,price_change,UP,0.26,87.49,0.26,0.27
2026-01-13 10:26:30,price_change,DOWN,0.73,1629.42,0.73,0.74
2026-01-13 10:26:31,price_change,UP,0.23,1450.54,0.26,0.27
2026-01-13 10:26:31,price_change,DOWN,0.64,816,0.73,0.74
2026-01-13 10:26:31,price_change,UP,0.24,645.64,0.25,0.26
2026-01-13 10:26:32,price_change,DOWN,0.74,144.32,0.74,0.75
2026-01-13 10:26:32,price_change,DOWN,0.01,11084.38,0.74,0.75
2026-01-13 10:26:32,price_change,UP,0.25,405.24,0.25,0.26
2026-01-13 10:26:32,price_change,DOWN,0.72,1036.31,0.74,0.75
2026-01-13 10:26:33,price_change,UP,0.25,405.24,0.25,0.26
2026-01-13 10:26:33,price_change,UP,0.25,398.57,0.25,0.26
2026-01-13 10:26:33,price_change,UP,0.25,304.16,0.25,0.26
2026-01-13 10:26:33,price_change,DOWN,0.73,1569.36,0.74,0.75
2026-01-13 10:26:34,price_change,UP,0.19,1077.32,0.25,0.26
2026-01-13 10:26:34,price_change,UP,0.23,1492.34,0.25,0.26
2026-01-13 10:26:34,price_change,DOWN,0.68,798.8,0.73,0.75
2026-01-13 10:26:34,price_change,DOWN,0.55,825.4,0.74,0.75
2026-01-13 10:26:35,price_change,DOWN,0.72,1036.31,0.74,0.75
2026-01-13 10:26:35,price_change,UP,0.23,1513.34,0.25,0.26
2026-01-13 10:26:35,price_change,DOWN,0.73,1105.7,0.74,0.75
2026-01-13 10:26:36,price_change,DOWN,0.46,963.2,0.74,0.75
2026-01-13 10:26:36,price_change,DOWN,0.74,279.54,0.74,0.75
2026-01-13 10:26:36,price_change,UP,0.22,486.3,0.25,0.26
2026-01-13 10:26:37,price_change,UP,0.25,151.35,0.25,0.26
2026-01-13 10:26:37,price_change,DOWN,0.72,916.31,0.74,0.75
2026-01-13 10:26:37,price_change,DOWN,0.74,204.49,0.74,0.75
2026-01-13 10:26:38,price_change,UP,0.22,486.3,0.25,0.26
2026-01-13 10:26:38,price_change,DOWN,0.55,825.4,0.74,0.75
2026-01-13 10:26:38,price_change,DOWN,0.47,701.2,0.74,0.75
2026-01-13 10:26:38,price_change,UP,0.24,528.14,0.25,0.26
2026-01-13 10:26:39,price_change,DOWN,0.74,406.64,0.74,0.75
2026-01-13 10:26:39,price_change,UP,0.15,1128.62,0.24,0.26
2026-01-13 10:26:39,price_change,UP,0.22,205.8,0.24,0.25
2026-01-13 10:26:40,price_change,DOWN,0.72,1909.3,0.75,0.76
2026-01-13 10:26:40,price_change,UP,0.17,923.11,0.24,0.25
2026-01-13 10:26:40,price_change,DOWN,0.75,84.69,0.75,0.76
2026-01-13 10:26:40,price_change,DOWN,0.73,1053.36,0.75,0.76
2026-01-13 10:26:41,price_change,DOWN,0.74,338.02,0.76,0.77
2026-01-13 10:26:41,price_change,UP,0.23,1220.83,0.23,0.24
2026-01-13 10:26:41,price_change,UP,0.23,1166.83,0.23,0.24
2026-01-13 10:26:41,price_change,DOWN,0.46,952.2,0.76,0.77
2026-01-13 10:26:42,price_change,DOWN,0.76,157.96,0.76,0.77
2026-01-13 10:26:42,price_change,DOWN,0.72,1732.73,0.76,0.77
2026-01-13 10:26:42,price_change,DOWN,0.72,1727.73,0.76,0.77
2026-01-13 10:26:43,price_change,DOWN,0.72,1824.73,0.76,0.77
2026-01-13 10:26:43,price_change,DOWN,0.72,1632.73,0.76,0.77
2026-01-13 10:26:43,price_change,DOWN,0.72,1823.73,0.76,0.77
2026-01-13 10:26:43,price_change,DOWN,0.55,830.4,0.76,0.77
2026-01-13 10:26:44,price_change,DOWN,0.76,144.99,0.76,0.77
2026-01-13 10:26:44,price_change,DOWN,0.73,1179.04,0.76,0.77
2026-01-13 10:26:44,price_change,DOWN,0.71,1581.67,0.76,0.77
2026-01-13 10:26:44,price_change,DOWN,0.55,825.4,0.76,0.77
2026-01-13 10:26:45,price_change,DOWN,0.72,1991.23,0.76,0.77
2026-01-13 10:26:45,price_change,UP,0.18,911.72,0.23,0.24
2026-01-13 10:26:45,price_change,DOWN,0.76,304.99,0.76,0.77
2026-01-13 10:26:45,price_change,UP,0.21,233.72,0.23,0.24
2026-01-13 10:26:46,price_change,DOWN,0.53,1108.07,0.76,0.77
2026-01-13 10:26:46,price_change,DOWN,0.61,1840.96,0.76,0.77
2026-01-13 10:26:46,price_change,UP,0.17,600,0.18,0.19
2026-01-13 10:26:47,price_change,DOWN,0.68,845.8,0.81,0.82
2026-01-13 10:26:47,price_change,DOWN,0.81,1417.04,0.81,0.82
2026-01-13 10:26:47,price_change,DOWN,0.81,1273.07,0.81,0.82
2026-01-13 10:26:48,price_change,UP,0.13,860,0.18,0.19
2026-01-13 10:26:48,price_change,DOWN,0.79,728.92,0.81,0.82
2026-01-13 10:26:48,price_change,UP,0.12,1305.22,0.18,0.19
2026-01-13 10:26:48,price_change,DOWN,0.76,791,0.81,0.82
2026-01-13 10:26:49,price_change,DOWN,0.81,1552.15,0.81,0.82
2026-01-13 10:26:49,price_change,DOWN,0.81,1552.15,0.81,0.82
2026-01-13 10:26:49,price_change,UP,0.15,489.62,0.18,0.19
2026-01-13 10:26:49,price_change,UP,0.12,1204.22,0.17,0.19
2026-01-13 10:26:50,price_change,UP,0.16,381.96,0.17,0.18
2026-01-13 10:26:50,price_change,DOWN,0.8,1289.31,0.84,0.85
2026-01-13 10:26:50,price_change,UP,0.1,3030.67,0.15,0.16
2026-01-13 10:26:50,price_change,UP,0.12,1149.22,0.15,0.16
2026-01-13 10:26:51,price_change,UP,0.14,805.97,0.15,0.16
2026-01-13 10:26:51,price_change,UP,0.15,336.43,0.15,0.16
2026-01-13 10:26:51,price_change,DOWN,0.84,164.53,0.84,0.85
2026-01-13 10:26:52,price_change,DOWN,0.65,905.7,0.84,0.85
2026-01-13 10:26:52,price_change,UP,0.09,1601.9,0.15,0.16
2026-01-13 10:26:52,price_change,DOWN,0.85,1310,0.85,0.86
2026-01-13 10:26:52,price_change,DOWN,0.73,1503.65,0.85,0.86
2026-01-13 10:26:53,price_change,UP,0.07,2941,0.14,0.15
2026-01-13 10:26:53,price_change,UP,0.14,361.82,0.14,0.15
2026-01-13 10:26:53,price_change,DOWN,0.85,1687.23,0.85,0.86
2026-01-13 10:26:53,price_change,UP,0.09,1701.82,0.14,0.15
2026-01-13 10:26:54,price_change,UP,0.1,1261.85,0.14,0.15
2026-01-13 10:26:54,price_change,DOWN,0.85,1708.81,0.85,0.86
2026-01-13 10:26:54,price_change,UP,0.05,2964.32,0.14,0.15
2026-01-13 10:26:55,price_change,UP,0.09,1163.9,0.13,0.14
2026-01-13 10:26:55,price_change,DOWN,0.86,262.36,0.86,0.87
2026-01-13 10:26:55,price_change,DOWN,0.86,210,0.87,0.88
2026-01-13 10:26:55,price_change,UP,0.14,929.17,0.14,0.15
2026-01-13 10:26:56,price_change,DOWN,0.82,2224.01,0.85,0.86
2026-01-13 10:26:56,price_change,UP,0.14,920.95,0.14,0.15
2026-01-13 10:26:56,price_change,UP,0.1,761.05,0.14,0.15
2026-01-13 10:26:56,price_change,DOWN,0.64,701.6,0.85,0.86
2026-01-13 10:26:57,price_change,UP,0.14,360,0.14,0.15
2026-01-13 10:26:57,price_change,UP,0.14,344.67,0.14,0.15
2026-01-13 10:26:57,price_change,UP,0.1,735.55,0.13,0.15
2026-01-13 10:26:58,price_change,DOWN,0.85,1788.9,0.85,0.86
2026-01-13 10:26:58,price_change,DOWN,0.85,1811.02,0.85,0.86
2026-01-13 10:26:58,price_change,DOWN,0.83,540.59,0.85,0.86
2026-01-13 10:26:59,price_change,DOWN,0.64,701.6,0.85,0.86
2026-01-13 10:26:59,price_change,UP,0.12,548.64,0.12,0.15
2026-01-13 10:26:59,price_change,DOWN,0.85,1794.35,0.85,0.87
2026-01-13 10:26:59,price_change,UP,0.09,1034.32,0.13,0.14
2026-01-13 10:27:00,price_change,UP,0.11,998.42,0.13,0.14
2026-01-13 10:27:00,price_change,UP,0.12,137.57,0.12,0.14
2026-01-13 10:27:00,price_change,UP,0.09,1097.92,0.12,0.13
2026-01-13 10:27:00,price_change,UP,0.11,993.66,0.11,0.13
2026-01-13 10:27:01,price_change,UP,0.1,832.05,0.11,0.12
2026-01-13 10:27:01,price_change,UP,0.08,1825.6,0.11,0.12
2026-01-13 10:27:01,price_change,DOWN,0.71,720.02,0.88,0.89
2026-01-13 10:27:02,price_change,DOWN,0.85,1022.23,0.88,0.89
2026-01-13 10:27:02,price_change,DOWN,0.78,39.82,0.78,0.84
2026-01-13 10:27:02,price_change,DOWN,0.73,1148.97,0.74,0.76
2026-01-13 10:27:03,price_change,DOWN,0.75,239.5,0.76,0.77
2026-01-13 10:27:04,price_change,DOWN,0.77,18.26,0.77,0.78
2026-01-13 10:27:04,price_change,DOWN,0.77,19.56,0.77,0.78
2026-01-13 10:27:05,price_change,UP,0.22,62.34,0.22,0.24
2026-01-13 10:27:05,price_change,UP,0.23,30.08,0.23,0.24
2026-01-13 10:27:05,price_change,DOWN,0.73,1373.55,0.75,0.77
2026-01-13 10:27:06,price_change,UP,0.21,743.91,0.22,0.23
2026-01-13 10:27:06,price_change,DOWN,0.77,72.49,0.78,0.79
2026-01-13 10:27:06,price_change,DOWN,0.78,0,0.77,0.79
2026-01-13 10:27:06,price_change,DOWN,0.68,976.8,0.76,0.77
2026-01-13 10:27:07,price_change,UP,0.21,738.91,0.22,0.23
2026-01-13 10:27:07,price_change,UP,0.13,721.5,0.22,0.23
2026-01-13 10:27:07,price_change,UP,0.23,4.5,0.23,0.24
2026-01-13 10:27:07,price_change,UP,0.2,1038.5,0.23,0.24
2026-01-13 10:27:08,price_change,UP,0.2,1049.5,0.23,0.24
2026-01-13 10:27:08,price_change,DOWN,0.68,1016.8,0.76,0.77
2026-01-13 10:27:08,price_change,DOWN,0.72,969.55,0.76,0.77
2026-01-13 10:27:08,price_change,DOWN,0.76,71.42,0.76,0.77
2026-01-13 10:27:09,price_change,DOWN,0.76,71.42,0.76,0.77
2026-01-13 10:27:09,price_change,DOWN,0.76,110.42,0.76,0.77
2026-01-13 10:27:09,price_change,DOWN,0.72,594.55,0.76,0.77
2026-01-13 10:27:09,price_change,UP,0.18,562.92,0.22,0.24
2026-01-13 10:27:10,price_change,UP,0.21,1074.91,0.22,0.23
2026-01-13 10:27:10,price_change,DOWN,0.73,1162.05,0.77,0.78
2026-01-13 10:27:10,price_change,DOWN,0.49,942.2,0.76,0.77
2026-01-13 10:27:11,price_change,UP,0.23,17.45,0.23,0.24
2026-01-13 10:27:11,price_change,UP,0.22,321.92,0.22,0.24
2026-01-13 10:27:11,price_change,DOWN,0.68,991.8,0.76,0.77
2026-01-13 10:27:12,price_change,DOWN,0.76,454.42,0.76,0.77
2026-01-13 10:27:12,price_change,DOWN,0.71,890.94,0.77,0.78
2026-01-13 10:27:13,price_change,DOWN,0.74,277.36,0.77,0.78
2026-01-13 10:27:13,price_change,DOWN,0.71,1265.94,0.77,0.79
2026-01-13 10:27:13,price_change,DOWN,0.75,192.24,0.77,0.79
2026-01-13 10:27:13,price_change,DOWN,0.75,208.63,0.77,0.78
2026-01-13 10:27:14,price_change,DOWN,0.77,890.73,0.77,0.79
2026-01-13 10:27:14,price_change,DOWN,0.78,35,0.78,0.79
2026-01-13 10:27:14,price_change,DOWN,0.69,660.1,0.78,0.79
2026-01-13 10:27:14,price_change,UP,0.18,614.42,0.21,0.22
2026-01-13 10:27:15,price_change,DOWN,0.74,344.36,0.78,0.79
2026-01-13 10:27:15,price_change,UP,0.13,977.5,0.21,0.22
2026-01-13 10:27:15,price_change,DOWN,0.74,173.44,0.78,0.79
2026-01-13 10:27:16,price_change,DOWN,0.75,333.31,0.78,0.79
2026-01-13 10:27:16,price_change,DOWN,0.74,388.44,0.78,0.79
2026-01-13 10:27:16,price_change,UP,0.13,1099.5,0.22,0.23
2026-01-13 10:27:17,price_change,UP,0.22,27.73,0.22,0.23
2026-01-13 10:27:17,price_change,DOWN,0.69,685.1,0.78,0.79
2026-01-13 10:27:17,price_change,UP,0.21,190.16,0.21,0.22
2026-01-13 10:27:17,price_change,UP,0.19,619,0.21,0.22
2026-01-13 10:27:18,price_change,DOWN,0.78,1303,0.78,0.79
2026-01-13 10:27:18,price_change,DOWN,0.77,1095.33,0.78,0.79
2026-01-13 10:27:19,price_change,DOWN,0.66,691.8,0.78,0.79
2026-01-13 10:27:19,price_change,DOWN,0.53,1074.07,0.78,0.79
2026-01-13 10:27:19,price_change,UP,0.18,626.92,0.21,0.22
2026-01-13 10:27:20,price_change,UP,0.18,622.92,0.21,0.22
2026-01-13 10:27:20,price_change,UP,0.19,636,0.21,0.22
2026-01-13 10:27:20,price_change,UP,0.18,628.92,0.21,0.22
2026-01-13 10:27:20,price_change,UP,0.14,779.96,0.21,0.22
2026-01-13 10:27:21,price_change,DOWN,0.78,1239.52,0.78,0.79
2026-01-13 10:27:21,price_change,UP,0.18,634.92,0.21,0.22
2026-01-13 10:27:21,price_change,DOWN,0.04,2670.15,0.78,0.79
2026-01-13 10:27:22,price_change,DOWN,0.75,339.81,0.78,0.79
2026-01-13 10:27:22,price_change,DOWN,0.55,745.4,0.78,0.79
2026-01-13 10:27:22,price_change,UP,0.2,576.92,0.21,0.22
2026-01-13 10:27:22,price_change,UP,0.18,622.92,0.21,0.22
2026-01-13 10:27:23,price_change,DOWN,0.78,700.94,0.78,0.79
2026-01-13 10:27:23,price_change,UP,0.18,622.92,0.2,0.22
2026-01-13 10:27:23,price_change,UP,0.2,953.17,0.2,0.22
2026-01-13 10:27:23,price_change,DOWN,0.71,849.94,0.78,0.8
2026-01-13 10:27:23,price_change,DOWN,0.76,145.74,0.78,0.8
2026-01-13 10:27:24,price_change,DOWN,0.5,715.4,0.79,0.8
2026-01-13 10:27:24,price_change,UP,0.2,1013.77,0.2,0.22
2026-01-13 10:27:24,price_change,DOWN,0.71,866.44,0.78,0.8
2026-01-13 10:27:25,price_change,UP,0.2,923.77,0.2,0.22
2026-01-13 10:27:25,price_change,DOWN,0.79,5,0.79,0.8
2026-01-13 10:27:25,price_change,DOWN,0.71,819.94,0.79,0.8
2026-01-13 10:27:26,price_change,UP,0.21,20,0.21,0.22
2026-01-13 10:27:26,price_change,DOWN,0.78,584.84,0.78,0.79
2026-01-13 10:27:26,price_change,UP,0.2,857.27,0.2,0.22
2026-01-13 10:27:26,price_change,DOWN,0.74,455.14,0.79,0.8
2026-01-13 10:27:27,price_change,UP,0.14,849.16,0.2,0.21
2026-01-13 10:27:27,price_change,UP,0.2,684.75,0.2,0.21
2026-01-13 10:27:27,price_change,UP,0.2,823.67,0.2,0.21
2026-01-13 10:27:28,price_change,UP,0.21,380.3,0.32,0.33
2026-01-13 10:27:28,price_change,UP,0.31,116.92,0.32,0.33
2026-01-13 10:27:28,price_change,UP,0.32,57.5,0.32,0.33
2026-01-13 10:27:29,price_change,UP,0.29,93.24,0.31,0.33
2026-01-13 10:27:29,price_change,UP,0.31,50.36,0.31,0.33
2026-01-13 10:27:29,price_change,UP,0.3,594.02,0.31,0.32
2026-01-13 10:27:30,price_change,UP,0.24,467.5,0.31,0.32
2026-01-13 10:27:30,price_change,UP,0.3,401.27,0.3,0.31
2026-01-13 10:27:30,price_change,UP,0.28,230.92,0.3,0.31
2026-01-13 10:27:31,price_change,UP,0.22,384.19,0.29,0.3
2026-01-13 10:27:31,price_change,UP,0.28,183.99,0.28,0.3
2026-01-13 10:27:31,price_change,UP,0.28,131.44,0.28,0.29
2026-01-13 10:27:31,price_change,DOWN,0.63,1101.71,0.71,0.72
2026-01-13 10:27:32,price_change,DOWN,0.71,67.06,0.71,0.72
2026-01-13 10:27:32,price_change,DOWN,0.7,77.42,0.71,0.72
2026-01-13 10:27:32,price_change,DOWN,0.71,57.31,0.71,0.72
2026-01-13 10:27:32,price_change,DOWN,0.67,641.16,0.71,0.72
2026-01-13 10:27:33,price_change,DOWN,0.63,1134.71,0.71,0.72
2026-01-13 10:27:33,price_change,UP,0.28,482.61,0.28,0.29
2026-01-13 10:27:33,price_change,DOWN,0.71,120.08,0.71,0.72
2026-01-13 10:27:33,price_change,UP,0.28,466.61,0.28,0.29
2026-01-13 10:27:34,price_change,DOWN,0.7,201.58,0.7,0.72
2026-01-13 10:27:34,price_change,UP,0.28,441.95,0.28,0.29
2026-01-13 10:27:34,price_change,UP,0.28,392.39,0.28,0.29
2026-01-13 10:27:35,price_change,DOWN,0.5,825.4,0.71,0.72
2026-01-13 10:27:35,price_change,DOWN,0.66,1059.92,0.71,0.72
2026-01-13 10:27:35,price_change,UP,0.28,357.69,0.28,0.29
2026-01-13 10:27:35,price_change,UP,0.21,577,0.28,0.29
2026-01-13 10:27:36,price_change,DOWN,0.44,942.3,0.71,0.72
2026-01-13 10:27:36,price_change,DOWN,0.66,1054.92,0.7,0.72
2026-01-13 10:27:36,price_change,DOWN,0.67,651.66,0.71,0.72
2026-01-13 10:27:36,price_change,DOWN,0.64,1196.02,0.71,0.72
2026-01-13 10:27:37,price_change,UP,0.24,894.52,0.29,0.3
2026-01-13 10:27:37,price_change,DOWN,0.65,834.92,0.7,0.71
2026-01-13 10:27:37,price_change,UP,0.29,514.48,0.29,0.3
2026-01-13 10:27:38,price_change,DOWN,0.64,1257.42,0.7,0.71
2026-01-13 10:27:38,price_change,DOWN,0.66,833.5,0.7,0.71
2026-01-13 10:27:38,price_change,DOWN,0.66,852,0.7,0.71
2026-01-13 10:27:38,price_change,DOWN,0.7,962.7,0.7,0.71
2026-01-13 10:27:39,price_change,DOWN,0.7,952.03,0.7,0.71
2026-01-13 10:27:39,price_change,DOWN,0.43,942.3,0.7,0.71
2026-01-13 10:27:39,price_change,DOWN,0.67,631.08,0.7,0.71
2026-01-13 10:27:39,price_change,DOWN,0.66,862,0.7,0.71
2026-01-13 10:27:40,price_change,UP,0.29,88.83,0.29,0.3
2026-01-13 10:27:40,price_change,UP,0.27,521.36,0.29,0.3
2026-01-13 10:27:41,price_change,UP,0.27,543.36,0.29,0.3
2026-01-13 10:27:41,price_change,DOWN,0.66,765.5,0.7,0.71
2026-01-13 10:27:41,price_change,UP,0.22,422.8,0.29,0.3
2026-01-13 10:27:42,price_change,UP,0.27,550.36,0.29,0.3
2026-01-13 10:27:42,price_change,UP,0.22,516.82,0.29,0.3
2026-01-13 10:27:42,price_change,UP,0.24,918.97,0.29,0.3
2026-01-13 10:27:43,price_change,DOWN,0.63,1144.71,0.7,0.71
2026-01-13 10:27:43,price_change,DOWN,0.66,847.5,0.7,0.71
2026-01-13 10:27:43,price_change,DOWN,0.67,256.08,0.7,0.71
2026-01-13 10:27:43,price_change,DOWN,0.7,1052,0.7,0.71
2026-01-13 10:27:44,price_change,DOWN,0.64,1240.92,0.7,0.71
2026-01-13 10:27:44,price_change,DOWN,0.66,737.5,0.7,0.72
2026-01-13 10:27:44,price_change,DOWN,0.67,648.08,0.7,0.72
2026-01-13 10:27:44,price_change,DOWN,0.66,816,0.71,0.72
2026-01-13 10:27:45,price_change,DOWN,0.67,653.08,0.71,0.72
2026-01-13 10:27:45,price_change,UP,0.28,79.58,0.28,0.29
2026-01-13 10:27:45,price_change,DOWN,0.67,745.08,0.71,0.72
2026-01-13 10:27:45,price_change,DOWN,0.66,914,0.71,0.72
2026-01-13 10:27:46,price_change,UP,0.26,625.92,0.28,0.29
2026-01-13 10:27:46,price_change,DOWN,0.68,802,0.71,0.72
2026-01-13 10:27:46,price_change,UP,0.26,592.92,0.28,0.29
2026-01-13 10:27:47,price_change,DOWN,0.66,892.92,0.71,0.72
2026-01-13 10:27:47,price_change,DOWN,0.66,898.92,0.71,0.72
2026-01-13 10:27:47,price_change,DOWN,0.66,813.92,0.71,0.72
2026-01-13 10:27:47,price_change,UP,0.26,574.92,0.28,0.29
2026-01-13 10:27:48,price_change,UP,0.23,1183,0.28,0.29
2026-01-13 10:27:48,price_change,DOWN,0.67,781.66,0.71,0.72
2026-01-13 10:27:48,price_change,UP,0.19,405,0.28,0.29
2026-01-13 10:27:48,price_change,UP,0.19,395,0.28,0.29
2026-01-13 10:27:49,price_change,UP,0.23,1188,0.28,0.29
2026-01-13 10:27:49,price_change,DOWN,0.67,598.66,0.71,0.72
2026-01-13 10:27:49,price_change,UP,0.26,592.92,0.28,0.29
2026-01-13 10:27:50,price_change,DOWN,0.71,464.97,0.71,0.72
2026-01-13 10:27:50,price_change,UP,0.24,1645.87,0.28,0.29
2026-01-13 10:27:50,price_change,UP,0.28,82.63,0.28,0.29
2026-01-13 10:27:51,price_change,UP,0.26,650.92,0.28,0.29
2026-01-13 10:27:51,price_change,DOWN,0.63,1010.79,0.71,0.72
2026-01-13 10:27:51,price_change,UP,0.19,405,0.28,0.29
2026-01-13 10:27:51,price_change,DOWN,0.63,1005.79,0.71,0.72
2026-01-13 10:27:52,price_change,DOWN,0.67,688.16,0.71,0.72
2026-01-13 10:27:52,price_change,UP,0.26,461,0.28,0.29
2026-01-13 10:27:52,price_change,DOWN,0.67,662.16,0.71,0.72
2026-01-13 10:27:52,price_change,UP,0.26,516,0.28,0.29
2026-01-13 10:27:53,price_change,UP,0.27,95.54,0.28,0.29
2026-01-13 10:27:53,price_change,UP,0.26,541,0.28,0.29
2026-01-13 10:27:53,price_change,DOWN,0.67,733.66,0.71,0.73
2026-01-13 10:27:53,price_change,DOWN,0.72,0,0.71,0.73
2026-01-13 10:27:54,price_change,DOWN,0.66,718,0.72,0.73
2026-01-13 10:27:54,price_change,DOWN,0.68,891.42,0.72,0.73
2026-01-13 10:27:55,price_change,UP,0.2,245.57,0.27,0.28
2026-01-13 10:27:55,price_change,DOWN,0.67,743.08,0.72,0.73
2026-01-13 10:27:55,price_change,DOWN,0.69,864,0.72,0.73
2026-01-13 10:27:55,price_change,UP,0.2,245.57,0.27,0.28
2026-01-13 10:27:56,price_change,UP,0.27,512.36,0.27,0.28
2026-01-13 10:27:56,price_change,UP,0.26,71.99,0.27,0.28
2026-01-13 10:27:56,price_change,DOWN,0.67,653.08,0.72,0.73
2026-01-13 10:27:56,price_change,DOWN,0.67,719.08,0.72,0.73
2026-01-13 10:27:57,price_change,DOWN,0.54,1056.2,0.72,0.73
2026-01-13 10:27:57,price_change,UP,0.19,395,0.27,0.28
2026-01-13 10:27:57,price_change,DOWN,0.67,642.08,0.72,0.73
2026-01-13 10:27:57,price_change,UP,0.22,755.32,0.27,0.28
2026-01-13 10:27:58,price_change,DOWN,0.65,1123,0.72,0.73
2026-01-13 10:27:58,price_change,DOWN,0.7,2210.12,0.72,0.73
2026-01-13 10:27:58,price_change,UP,0.27,469.36,0.27,0.28
2026-01-13 10:27:58,price_change,UP,0.2,262.57,0.27,0.28
2026-01-13 10:27:59,price_change,UP,0.23,1203.5,0.27,0.28
2026-01-13 10:27:59,price_change,UP,0.22,667.9,0.27,0.28
2026-01-13 10:27:59,price_change,DOWN,0.69,800.5,0.72,0.73
2026-01-13 10:28:00,price_change,DOWN,0.72,1447.37,0.72,0.73
2026-01-13 10:28:00,price_change,DOWN,0.67,718.08,0.72,0.73
2026-01-13 10:28:00,price_change,UP,0.25,570,0.27,0.28
2026-01-13 10:28:01,price_change,UP,0.26,35,0.27,0.28
2026-01-13 10:28:01,price_change,UP,0.27,413.06,0.27,0.28
2026-01-13 10:28:02,price_change,UP,0.23,1143.2,0.27,0.28
2026-01-13 10:28:02,price_change,UP,0.27,392.26,0.27,0.28
2026-01-13 10:28:02,price_change,UP,0.18,415,0.27,0.28
2026-01-13 10:28:03,price_change,DOWN,0.68,968.92,0.72,0.73
2026-01-13 10:28:03,price_change,DOWN,0.56,598.15,0.72,0.73
2026-01-13 10:28:03,price_change,UP,0.27,402.96,0.27,0.28
2026-01-13 10:28:03,price_change,DOWN,0.62,1005,0.72,0.73
2026-01-13 10:28:04,price_change,DOWN,0.45,977.3,0.72,0.73
2026-01-13 10:28:04,price_change,DOWN,0.72,327.1,0.72,0.73
2026-01-13 10:28:04,price_change,DOWN,0.72,301.99,0.72,0.73
2026-01-13 10:28:04,price_change,DOWN,0.68,939.42,0.72,0.73
2026-01-13 10:28:05,price_change,DOWN,0.51,922.55,0.72,0.73
2026-01-13 10:28:05,price_change,DOWN,0.7,1453.11,0.72,0.73
2026-01-13 10:28:05,price_change,DOWN,0.49,982.2,0.72,0.73
2026-01-13 10:28:05,price_change,DOWN,0.68,885.42,0.72,0.73
2026-01-13 10:28:06,price_change,DOWN,0.68,957.42,0.72,0.73
2026-01-13 10:28:06,price_change,DOWN,0.7,1853.11,0.72,0.73
2026-01-13 10:28:06,price_change,UP,0.27,221.57,0.27,0.28
2026-01-13 10:28:07,price_change,DOWN,0.61,433.5,0.72,0.73
2026-01-13 10:28:07,price_change,DOWN,0.67,450.4,0.72,0.73
2026-01-13 10:28:07,price_change,DOWN,0.72,249.38,0.72,0.73
2026-01-13 10:28:07,price_change,UP,0.24,742.95,0.25,0.27
2026-01-13 10:28:08,price_change,DOWN,0.73,5,0.74,0.75
2026-01-13 10:28:08,price_change,DOWN,0.43,994.3,0.74,0.75
2026-01-13 10:28:08,price_change,UP,0.25,37.27,0.25,0.26
2026-01-13 10:28:09,price_change,UP,0.22,1182.42,0.25,0.26
2026-01-13 10:28:09,price_change,UP,0.22,1236.42,0.25,0.26
2026-01-13 10:28:09,price_change,UP,0.13,982.5,0.25,0.26
2026-01-13 10:28:09,price_change,DOWN,0.5,755.4,0.74,0.75
2026-01-13 10:28:10,price_change,DOWN,0.69,824.42,0.74,0.75
2026-01-13 10:28:10,price_change,DOWN,0.69,841.42,0.73,0.74
2026-01-13 10:28:10,price_change,UP,0.21,668,0.26,0.27
2026-01-13 10:28:11,price_change,DOWN,0.73,237.62,0.73,0.74
2026-01-13 10:28:11,price_change,DOWN,0.73,191.88,0.73,0.74
2026-01-13 10:28:11,price_change,DOWN,0.68,832.92,0.73,0.74
2026-01-13 10:28:12,price_change,UP,0.23,813.58,0.25,0.26
2026-01-13 10:28:12,price_change,DOWN,0.73,277.68,0.74,0.75
2026-01-13 10:28:12,price_change,UP,0.24,878.89,0.25,0.26
2026-01-13 10:28:12,price_change,DOWN,0.68,901.92,0.73,0.74
2026-01-13 10:28:13,price_change,DOWN,0.68,818.92,0.73,0.74
2026-01-13 10:28:13,price_change,DOWN,0.71,906.62,0.73,0.74
2026-01-13 10:28:13,price_change,UP,0.2,614.57,0.26,0.27
2026-01-13 10:28:13,price_change,UP,0.21,634.5,0.26,0.27
2026-01-13 10:28:14,price_change,DOWN,0.71,944.62,0.73,0.74
2026-01-13 10:28:14,price_change,DOWN,0.71,966.62,0.73,0.74
2026-01-13 10:28:14,price_change,UP,0.13,1012.49,0.26,0.27
2026-01-13 10:28:15,price_change,UP,0.26,10,0.26,0.27
2026-01-13 10:28:15,price_change,DOWN,0.68,978.92,0.73,0.74
2026-01-13 10:28:15,price_change,DOWN,0.68,918.92,0.74,0.75
2026-01-13 10:28:15,price_change,DOWN,0.72,712.12,0.74,0.75
2026-01-13 10:28:16,price_change,DOWN,0.74,341.19,0.74,0.75
2026-01-13 10:28:16,price_change,DOWN,0.68,896.92,0.74,0.75
2026-01-13 10:28:16,price_change,DOWN,0.68,923.92,0.74,0.75
2026-01-13 10:28:16,price_change,DOWN,0.7,1808.92,0.74,0.75
2026-01-13 10:28:17,price_change,UP,0.25,94.26,0.25,0.26
2026-01-13 10:28:17,price_change,DOWN,0.52,1385.41,0.74,0.75
2026-01-13 10:28:17,price_change,DOWN,0.53,1197.28,0.74,0.75
2026-01-13 10:28:18,price_change,UP,0.22,825.4,0.25,0.26
2026-01-13 10:28:18,price_change,DOWN,0.74,356.52,0.74,0.75
2026-01-13 10:28:18,price_change,DOWN,0.74,250.21,0.74,0.75
2026-01-13 10:28:18,price_change,DOWN,0.68,824.42,0.74,0.75
2026-01-13 10:28:19,price_change,UP,0.2,474.65,0.25,0.26
2026-01-13 10:28:19,price_change,DOWN,0.74,185.22,0.74,0.75
2026-01-13 10:28:19,price_change,DOWN,0.74,164.89,0.74,0.75
2026-01-13 10:28:19,price_change,UP,0.21,498.92,0.25,0.26
2026-01-13 10:28:20,price_change,UP,0.21,487.92,0.25,0.26
2026-01-13 10:28:20,price_change,DOWN,0.56,591.15,0.74,0.75
2026-01-13 10:28:20,price_change,UP,0.25,442.42,0.25,0.26
2026-01-13 10:28:20,price_change,DOWN,0.68,818.92,0.74,0.75
2026-01-13 10:28:21,price_change,UP,0.19,561.92,0.25,0.26
2026-01-13 10:28:21,price_change,DOWN,0.72,293,0.74,0.75
2026-01-13 10:28:21,price_change,DOWN,0.67,531.48,0.74,0.75
2026-01-13 10:28:21,price_change,DOWN,0.66,712,0.74,0.75
2026-01-13 10:28:22,price_change,DOWN,0.66,702,0.74,0.75
2026-01-13 10:28:22,price_change,DOWN,0.73,138.28,0.74,0.75
2026-01-13 10:28:22,price_change,DOWN,0.73,148.28,0.74,0.75
2026-01-13 10:28:23,price_change,DOWN,0.44,942.3,0.74,0.75
2026-01-13 10:28:23,price_change,UP,0.24,509.55,0.25,0.26
2026-01-13 10:28:23,price_change,UP,0.21,472.92,0.25,0.26
2026-01-13 10:28:23,price_change,UP,0.13,992.5,0.25,0.26
2026-01-13 10:28:24,price_change,DOWN,0.73,180.96,0.74,0.75
2026-01-13 10:28:24,price_change,DOWN,0.66,712.8,0.74,0.75
2026-01-13 10:28:24,price_change,UP,0.24,519.55,0.25,0.26
2026-01-13 10:28:24,price_change,UP,0.23,627.49,0.25,0.26
2026-01-13 10:28:25,price_change,UP,0.2,138.65,0.25,0.26
2026-01-13 10:28:25,price_change,DOWN,0.48,623.09,0.74,0.75
2026-01-13 10:28:26,price_change,UP,0.3,131.92,0.38,0.39
2026-01-13 10:28:26,price_change,UP,0.35,209.27,0.35,0.4
2026-01-13 10:28:26,price_change,DOWN,0.43,846.3,0.61,0.62
2026-01-13 10:28:27,price_change,UP,0.28,100,0.38,0.4
2026-01-13 10:28:27,price_change,UP,0.39,80.9,0.39,0.4
2026-01-13 10:28:27,price_change,UP,0.39,30.17,0.39,0.4
2026-01-13 10:28:28,price_change,UP,0.3,176.92,0.35,0.39
2026-01-13 10:28:28,price_change,DOWN,0.53,131.87,0.61,0.63
2026-01-13 10:28:28,price_change,UP,0.38,219.32,0.38,0.39
2026-01-13 10:28:28,price_change,UP,0.38,147.69,0.38,0.39
2026-01-13 10:28:29,price_change,UP,0.38,120.04,0.39,0.4
2026-01-13 10:28:29,price_change,UP,0.37,39,0.39,0.41
2026-01-13 10:28:29,price_change,DOWN,0.53,131.87,0.59,0.6
2026-01-13 10:28:30,price_change,UP,0.41,107,0.41,0.42
2026-01-13 10:28:30,price_change,DOWN,0.58,172.88,0.58,0.59
2026-01-13 10:28:30,price_change,DOWN,0.55,536.92,0.58,0.59
2026-01-13 10:28:31,price_change,UP,0.41,284.94,0.41,0.42
2026-01-13 10:28:31,price_change,UP,0.33,842.92,0.41,0.42
2026-01-13 10:28:31,price_change,DOWN,0.52,538.21,0.58,0.59
2026-01-13 10:28:31,price_change,UP,0.41,269.13,0.41,0.42
2026-01-13 10:28:32,price_change,DOWN,0.58,6.67,0.58,0.59
2026-01-13 10:28:32,price_change,DOWN,0.57,331.97,0.58,0.59
2026-01-13 10:28:32,price_change,UP,0.34,1189.8,0.41,0.43
2026-01-13 10:28:32,price_change,DOWN,0.55,566.92,0.57,0.59
2026-01-13 10:28:33,price_change,UP,0.41,121.45,0.41,0.43
2026-01-13 10:28:33,price_change,DOWN,0.57,229.05,0.58,0.59
2026-01-13 10:28:33,price_change,UP,0.41,191.4,0.41,0.42
2026-01-13 10:28:33,price_change,UP,0.15,6914.51,0.41,0.42
2026-01-13 10:28:34,price_change,UP,0.13,972.5,0.42,0.43
2026-01-13 10:28:34,price_change,DOWN,0.48,322.09,0.57,0.58
2026-01-13 10:28:34,price_change,DOWN,0.54,660.92,0.57,0.58
2026-01-13 10:28:35,price_change,DOWN,0.47,781.2,0.57,0.58
2026-01-13 10:28:35,price_change,DOWN,0.53,638.99,0.57,0.58
2026-01-13 10:28:35,price_change,DOWN,0.57,39.51,0.57,0.58
2026-01-13 10:28:36,price_change,UP,0.35,796.27,0.42,0.43
2026-01-13 10:28:36,price_change,UP,0.36,706,0.42,0.43
2026-01-13 10:28:36,price_change,DOWN,0.57,51.84,0.57,0.58
2026-01-13 10:28:36,price_change,DOWN,0.55,190,0.57,0.58
2026-01-13 10:28:37,price_change,UP,0.42,681.86,0.42,0.44
2026-01-13 10:28:37,price_change,DOWN,0.37,921.27,0.51,0.52
2026-01-13 10:28:37,price_change,DOWN,0.43,390.31,0.43,0.47
2026-01-13 10:28:38,price_change,DOWN,0.32,772,0.43,0.45
2026-01-13 10:28:38,price_change,UP,0.55,132.38,0.55,0.58
2026-01-13 10:28:38,price_change,UP,0.55,244.01,0.55,0.57
2026-01-13 10:28:38,price_change,UP,0.44,391.36,0.55,0.56
2026-01-13 10:28:39,price_change,UP,0.37,459.74,0.55,0.56
2026-01-13 10:28:39,price_change,DOWN,0.39,515.74,0.44,0.45
2026-01-13 10:28:40,price_change,UP,0.39,429.73,0.55,0.56
2026-01-13 10:28:40,price_change,UP,0.55,215.93,0.55,0.56
2026-01-13 10:28:40,price_change,UP,0.46,45,0.55,0.58
2026-01-13 10:28:41,price_change,UP,0.56,86.68,0.56,0.57
2026-01-13 10:28:41,price_change,DOWN,0.42,277.93,0.42,0.44
2026-01-13 10:28:41,price_change,DOWN,0.42,249.98,0.44,0.45
2026-01-13 10:28:41,price_change,UP,0.54,125.59,0.55,0.57
2026-01-13 10:28:42,price_change,UP,0.53,882,0.55,0.56
2026-01-13 10:28:42,price_change,UP,0.53,892,0.55,0.57
2026-01-13 10:28:42,price_change,DOWN,0.38,556.35,0.43,0.44
2026-01-13 10:28:42,price_change,UP,0.55,506.07,0.56,0.57
2026-01-13 10:28:43,price_change,DOWN,0.4,79.94,0.4,0.44
2026-01-13 10:28:43,price_change,UP,0.61,0,0.62,0.63
2026-01-13 10:28:44,price_change,DOWN,0.2,458.1,0.37,0.38
2026-01-13 10:28:44,price_change,DOWN,0.34,490.96,0.34,0.37
2026-01-13 10:28:44,price_change,UP,0.62,807.7,0.65,0.66
2026-01-13 10:28:44,price_change,DOWN,0.34,108.86,0.34,0.35
2026-01-13 10:28:45,price_change,UP,0.65,104.32,0.65,0.67
2026-01-13 10:28:45,price_change,UP,0.59,470,0.65,0.67
2026-01-13 10:28:45,price_change,DOWN,0.34,48.7,0.34,0.35
2026-01-13 10:28:45,price_change,UP,0.65,54.98,0.65,0.66
2026-01-13 10:28:46,price_change,DOWN,0.28,538.32,0.34,0.36
2026-01-13 10:28:46,price_change,DOWN,0.34,12.09,0.34,0.35
2026-01-13 10:28:46,price_change,UP,0.65,89,0.65,0.67
2026-01-13 10:28:47,price_change,UP,0.58,414.45,0.65,0.67
2026-01-13 10:28:47,price_change,UP,0.64,68.65,0.65,0.66
2026-01-13 10:28:48,price_change,DOWN,0.29,868.22,0.33,0.35
2026-01-13 10:28:48,price_change,DOWN,0.33,5676.89,0.33,0.36
2026-01-13 10:28:48,price_change,UP,0.63,111,0.64,0.66
2026-01-13 10:28:48,price_change,DOWN,0.34,154.93,0.34,0.36
2026-01-13 10:28:49,price_change,UP,0.64,72.21,0.64,0.65
2026-01-13 10:28:49,price_change,DOWN,0.32,890,0.35,0.36
2026-01-13 10:28:49,price_change,DOWN,0.33,5533.18,0.33,0.34
2026-01-13 10:28:50,price_change,UP,0.63,40,0.66,0.67
2026-01-13 10:28:50,price_change,UP,0.65,49,0.66,0.67
2026-01-13 10:28:50,price_change,UP,0.64,59,0.65,0.66
2026-01-13 10:28:51,price_change,DOWN,0.19,393.4,0.34,0.35
2026-01-13 10:28:51,price_change,DOWN,0.32,825,0.34,0.36
2026-01-13 10:28:51,price_change,UP,0.01,11612.02,0.65,0.66
2026-01-13 10:28:52,price_change,UP,0.64,59,0.65,0.67
2026-01-13 10:28:52,price_change,UP,0.63,576.92,0.66,0.67
2026-01-13 10:28:52,price_change,DOWN,0.33,5160.03,0.33,0.34
2026-01-13 10:28:52,price_change,UP,0.62,85.01,0.66,0.67
2026-01-13 10:28:53,price_change,UP,0.64,70,0.66,0.67
2026-01-13 10:28:53,price_change,DOWN,0.33,4961.09,0.33,0.34
2026-01-13 10:28:53,price_change,UP,0.66,887.23,0.66,0.67
2026-01-13 10:28:53,price_change,DOWN,0.03,3058.36,0.33,0.34
2026-01-13 10:28:54,price_change,DOWN,0.3,710.87,0.33,0.34
2026-01-13 10:28:54,price_change,UP,0.51,282.99,0.66,0.67
2026-01-13 10:28:54,price_change,UP,0.49,685.3,0.66,0.67
2026-01-13 10:28:55,price_change,UP,0.65,232.41,0.66,0.67
2026-01-13 10:28:55,price_change,DOWN,0.33,4078.86,0.33,0.34
2026-01-13 10:28:55,price_change,UP,0.49,680.3,0.66,0.67
2026-01-13 10:28:56,price_change,UP,0.62,143.62,0.66,0.67
2026-01-13 10:28:56,price_change,UP,0.64,244.84,0.66,0.67
2026-01-13 10:28:56,price_change,UP,0.66,828.16,0.66,0.67
2026-01-13 10:28:56,price_change,UP,0.66,829.45,0.66,0.67
2026-01-13 10:28:57,price_change,UP,0.66,842.45,0.66,0.67
2026-01-13 10:28:57,price_change,UP,0.43,713.3,0.66,0.67
2026-01-13 10:28:58,price_change,DOWN,0.33,3614.9,0.33,0.34
2026-01-13 10:28:58,price_change,DOWN,0.3,719.87,0.33,0.34
2026-01-13 10:28:59,price_change,UP,0.62,282.48,0.66,0.67
2026-01-13 10:28:59,price_change,DOWN,0.33,3385.16,0.33,0.34
2026-01-13 10:28:59,price_change,UP,0.35,558.28,0.66,0.67
2026-01-13 10:29:00,price_change,UP,0.64,147.33,0.66,0.67
2026-01-13 10:29:01,price_change,UP,0.54,147.42,0.66,0.67
2026-01-13 10:29:01,price_change,DOWN,0.33,2113.38,0.33,0.34
2026-01-13 10:29:02,price_change,DOWN,0.33,1103.38,0.33,0.34
2026-01-13 10:29:02,price_change,UP,0.47,10,0.66,0.67
2026-01-13 10:29:03,price_change,UP,0.64,68,0.66,0.67
2026-01-13 10:29:03,price_change,DOWN,0.25,849.82,0.33,0.34
2026-01-13 10:29:03,price_change,DOWN,0.28,391.4,0.33,0.34
2026-01-13 10:29:04,price_change,UP,0.62,358.64,0.66,0.67
2026-01-13 10:29:04,price_change,DOWN,0.28,400.4,0.33,0.34
2026-01-13 10:29:05,price_change,UP,0.58,72.58,0.66,0.67
2026-01-13 10:29:05,price_change,UP,0.65,199.33,0.66,0.67
2026-01-13 10:29:06,price_change,UP,0.51,252.99,0.66,0.67
2026-01-13 10:29:06,price_change,DOWN,0.3,694.87,0.33,0.34
2026-01-13 10:29:06,price_change,DOWN,0.24,842.1,0.32,0.33
2026-01-13 10:29:06,price_change,UP,0.63,351.13,0.67,0.69
2026-01-13 10:29:07,price_change,UP,0.64,147.92,0.68,0.69
2026-01-13 10:29:07,price_change,DOWN,0.23,859.22,0.31,0.32
2026-01-13 10:29:07,price_change,DOWN,0.02,8710.3,0.31,0.32
2026-01-13 10:29:08,price_change,UP,0.65,137.82,0.69,0.7
2026-01-13 10:29:08,price_change,UP,0.66,732.91,0.69,0.7
2026-01-13 10:29:08,price_change,DOWN,0.28,927.07,0.3,0.31
2026-01-13 10:29:08,price_change,UP,0.69,657.39,0.69,0.7
2026-01-13 10:29:09,price_change,UP,0.69,752.25,0.69,0.7
2026-01-13 10:29:09,price_change,UP,0.68,181,0.69,0.7
2026-01-13 10:29:09,price_change,UP,0.55,414,0.69,0.7
2026-01-13 10:29:09,price_change,DOWN,0.1,1597.4,0.3,0.31
2026-01-13 10:29:10,price_change,DOWN,0.29,277.39,0.29,0.3
2026-01-13 10:29:11,price_change,DOWN,0.08,2126.7,0.21,0.22
2026-01-13 10:29:11,price_change,DOWN,0.21,135.19,0.21,0.22
2026-01-13 10:29:11,price_change,UP,0.78,103.51,0.78,0.8
2026-01-13 10:29:11,price_change,UP,0.79,62.16,0.79,0.8
2026-01-13 10:29:12,price_change,DOWN,0.19,410.71,0.2,0.21
2026-01-13 10:29:12,price_change,DOWN,0.11,272.73,0.2,0.22
2026-01-13 10:29:12,price_change,UP,0.77,138.85,0.78,0.8
2026-01-13 10:29:12,price_change,DOWN,0.2,149.19,0.2,0.21
2026-01-13 10:29:13,price_change,DOWN,0.2,123.19,0.2,0.22
2026-01-13 10:29:13,price_change,DOWN,0.19,775.08,0.19,0.2
2026-01-13 10:29:13,price_change,UP,0.8,655.09,0.8,0.81
2026-01-13 10:29:14,price_change,DOWN,0.18,989.34,0.18,0.2
2026-01-13 10:29:14,price_change,UP,0.81,14.97,0.81,0.82
2026-01-13 10:29:15,price_change,DOWN,0.15,731,0.18,0.19
2026-01-13 10:29:15,price_change,DOWN,0.16,726,0.18,0.19
2026-01-13 10:29:15,price_change,UP,0.77,697.52,0.8,0.82
2026-01-13 10:29:16,price_change,DOWN,0.18,146.23,0.18,0.19
2026-01-13 10:29:16,price_change,DOWN,0.07,2596,0.18,0.19
2026-01-13 10:29:16,price_change,DOWN,0.16,741.2,0.17,0.18
2026-01-13 10:29:17,price_change,UP,0.82,163.25,0.82,0.83
2026-01-13 10:29:17,price_change,UP,0.79,194.87,0.82,0.83
2026-01-13 10:29:17,price_change,UP,0.77,988.44,0.82,0.83
2026-01-13 10:29:17,price_change,UP,0.74,55.8,0.82,0.83
2026-01-13 10:29:18,price_change,UP,0.77,962.44,0.82,0.83
2026-01-13 10:29:18,price_change,DOWN,0.17,779.19,0.17,0.18
2026-01-13 10:29:18,price_change,DOWN,0.17,440,0.17,0.18
2026-01-13 10:29:19,price_change,UP,0.56,390.3,0.82,0.83
2026-01-13 10:29:19,price_change,UP,0.83,559.6,0.83,0.84
2026-01-13 10:29:19,price_change,DOWN,0.02,9151.3,0.16,0.18
2026-01-13 10:29:20,price_change,UP,0.43,701.3,0.82,0.84
2026-01-13 10:29:20,price_change,UP,0.78,960.32,0.78,0.79
2026-01-13 10:29:20,price_change,DOWN,0.15,619.98,0.15,0.22
2026-01-13 10:29:20,price_change,DOWN,0.24,435.71,0.24,0.25
2026-01-13 10:29:20,price_change,DOWN,0.24,449.72,0.24,0.25
2026-01-13 10:29:21,price_change,DOWN,0.25,86.58,0.25,0.26
2026-01-13 10:29:21,price_change,UP,0.73,27.6,0.77,0.79
2026-01-13 10:29:21,price_change,UP,0.74,216.91,0.74,0.82
2026-01-13 10:29:22,price_change,UP,0.77,192.52,0.77,0.81
2026-01-13 10:29:22,price_change,UP,0.71,51.3,0.78,0.81
2026-01-13 10:29:22,price_change,UP,0.77,149.55,0.78,0.8
2026-01-13 10:29:22,price_change,UP,0.74,441.88,0.79,0.8
2026-01-13 10:29:23,price_change,UP,0.79,10,0.8,0.81
2026-01-13 10:29:23,price_change,UP,0.79,0,0.78,0.81
2026-01-13 10:29:23,price_change,UP,0.77,209.04,0.8,0.81
2026-01-13 10:29:23,price_change,UP,0.75,125.92,0.81,0.84
2026-01-13 10:29:24,price_change,UP,0.62,502.22,0.82,0.84
2026-01-13 10:29:24,price_change,DOWN,0.01,9734.41,0.16,0.18
2026-01-13 10:29:24,price_change,DOWN,0.15,610.18,0.16,0.18
2026-01-13 10:29:24,price_change,UP,0.82,5,0.84,0.85
2026-01-13 10:29:25,price_change,UP,0.74,133.92,0.82,0.84
2026-01-13 10:29:25,price_change,UP,0.81,12,0.84,0.85
2026-01-13 10:29:26,price_change,DOWN,0.16,94,0.19,0.2
2026-01-13 10:29:26,price_change,UP,0.8,32.9,0.8,0.81
2026-01-13 10:29:26,price_change,DOWN,0.12,1056.92,0.21,0.23
2026-01-13 10:29:26,price_change,DOWN,0.15,10,0.18,0.23
2026-01-13 10:29:27,price_change,UP,0.81,91.44,0.81,0.82
2026-01-13 10:29:27,price_change,DOWN,0.15,88,0.17,0.18
2026-01-13 10:29:27,price_change,UP,0.76,133.76,0.81,0.82
2026-01-13 10:29:28,price_change,UP,0.7,334.2,0.79,0.8
2026-01-13 10:29:28,price_change,DOWN,0.1,1798.84,0.2,0.21
2026-01-13 10:29:28,price_change,DOWN,0.16,22,0.18,0.2
2026-01-13 10:29:29,price_change,DOWN,0.17,0,0.18,0.2
2026-01-13 10:29:29,price_change,UP,0.28,401.4,0.77,0.79
2026-01-13 10:29:29,price_change,DOWN,0.21,61.57,0.22,0.23
2026-01-13 10:29:30,price_change,DOWN,0.18,138.53,0.29,0.33
2026-01-13 10:29:30,price_change,DOWN,0.27,99,0.32,0.33
2026-01-13 10:29:30,price_change,UP,0.67,405.05,0.67,0.68
2026-01-13 10:29:30,price_change,DOWN,0.31,221.89,0.31,0.32
2026-01-13 10:29:31,price_change,DOWN,0.32,38,0.32,0.33
2026-01-13 10:29:31,price_change,UP,0.64,245,0.67,0.68
2026-01-13 10:29:32,price_change,DOWN,0.33,154.2,0.33,0.34
2026-01-13 10:29:32,price_change,DOWN,0.33,58.13,0.33,0.34
2026-01-13 10:29:32,price_change,DOWN,0.33,26,0.33,0.34
2026-01-13 10:29:32,price_change,UP,0.52,27,0.65,0.67
2026-01-13 10:29:33,price_change,UP,0.52,85.31,0.52,0.64
2026-01-13 10:29:33,price_change,DOWN,0.41,264,0.59,0.6
2026-01-13 10:29:33,price_change,DOWN,0.43,150.28,0.59,0.6
2026-01-13 10:29:34,price_change,UP,0.46,13.74,0.46,0.47
2026-01-13 10:29:34,price_change,UP,0.2,0,0.44,0.46
2026-01-13 10:29:34,price_change,UP,0.44,3,0.44,0.45
2026-01-13 10:29:35,price_change,DOWN,0.59,81.4,0.59,0.61
2026-01-13 10:29:35,price_change,UP,0.16,694,0.39,0.4
2026-01-13 10:29:35,price_change,DOWN,0.6,113.14,0.6,0.61
2026-01-13 10:29:35,price_change,DOWN,0.57,32,0.6,0.61
2026-01-13 10:29:36,price_change,UP,0.38,45,0.39,0.4
2026-01-13 10:29:36,price_change,DOWN,0.59,102.93,0.59,0.61
2026-01-13 10:29:36,price_change,DOWN,0.41,210,0.6,0.61
2026-01-13 10:29:37,price_change,DOWN,0.44,325.76,0.6,0.61
2026-01-13 10:29:37,price_change,DOWN,0.56,37,0.6,0.61
2026-01-13 10:29:37,price_change,DOWN,0.56,3.77,0.56,0.58
2026-01-13 10:29:38,price_change,DOWN,0.5,19,0.54,0.55
2026-01-13 10:29:38,price_change,DOWN,0.46,136.92,0.54,0.55
2026-01-13 10:29:38,price_change,DOWN,0.54,243.06,0.54,0.55
2026-01-13 10:29:39,price_change,UP,0.45,231.97,0.45,0.46
2026-01-13 10:29:39,price_change,UP,0.45,207.11,0.45,0.46
2026-01-13 10:29:39,price_change,DOWN,0.48,128.69,0.54,0.55
2026-01-13 10:29:40,price_change,DOWN,0.54,57.25,0.54,0.55
2026-01-13 10:29:40,price_change,UP,0.46,24.23,0.46,0.47
2026-01-13 10:29:40,price_change,DOWN,0.53,30.18,0.53,0.54
2026-01-13 10:29:40,price_change,UP,0.41,59,0.44,0.45
2026-01-13 10:29:41,price_change,DOWN,0.24,96.61,0.55,0.56
2026-01-13 10:29:41,price_change,UP,0.38,30,0.44,0.45
2026-01-13 10:29:41,price_change,UP,0.44,453.37,0.44,0.45
2026-01-13 10:29:42,price_change,DOWN,0.01,9462.33,0.55,0.56
2026-01-13 10:29:42,price_change,UP,0.44,445.47,0.44,0.45
2026-01-13 10:29:43,price_change,DOWN,0.55,60.87,0.55,0.56
2026-01-13 10:29:43,price_change,UP,0.44,322.67,0.44,0.48
2026-01-13 10:29:43,price_change,DOWN,0.55,66.55,0.55,0.56
2026-01-13 10:29:43,price_change,DOWN,0.55,139,0.55,0.56
2026-01-13 10:29:44,price_change,DOWN,0.22,98.65,0.55,0.56
2026-01-13 10:29:44,price_change,DOWN,0.43,147.28,0.55,0.56
2026-01-13 10:29:44,price_change,UP,0.42,46,0.44,0.45
2026-01-13 10:29:44,price_change,DOWN,0.56,243.15,0.57,0.63
2026-01-13 10:29:45,price_change,UP,0.37,98.01,0.37,0.39
2026-01-13 10:29:45,price_change,DOWN,0.61,53.62,0.62,0.63
2026-01-13 10:29:45,price_change,DOWN,0.45,15,0.62,0.63
2026-01-13 10:29:46,price_change,DOWN,0.7,42,0.7,0.72
2026-01-13 10:29:46,price_change,DOWN,0.66,12,0.72,0.73
2026-01-13 10:29:46,price_change,DOWN,0.64,113.2,0.72,0.73
2026-01-13 10:29:46,price_change,DOWN,0.72,161.97,0.72,0.73
2026-01-13 10:29:47,price_change,UP,0.19,5,0.25,0.28
2026-01-13 10:29:47,price_change,DOWN,0.75,202.97,0.75,0.76
2026-01-13 10:29:47,price_change,UP,0.24,77.28,0.24,0.25
2026-01-13 10:29:48,price_change,DOWN,0.72,37,0.75,0.76
2026-01-13 10:29:48,price_change,DOWN,0.69,78.2,0.76,0.77
2026-01-13 10:29:48,price_change,DOWN,0.72,390,0.76,0.77
2026-01-13 10:29:49,price_change,UP,0.23,81.37,0.23,0.24
2026-01-13 10:29:49,price_change,UP,0.23,25.17,0.23,0.24
2026-01-13 10:29:49,price_change,DOWN,0.77,102.82,0.77,0.79
2026-01-13 10:29:49,price_change,DOWN,0.65,1049.47,0.78,0.79
2026-01-13 10:29:50,price_change,DOWN,0.24,134.08,0.78,0.79
2026-01-13 10:29:50,price_change,DOWN,0.68,38,0.76,0.78
2026-01-13 10:29:50,price_change,UP,0.2,59,0.2,0.23
2026-01-13 10:29:50,price_change,UP,0.01,9127,0.16,0.17
2026-01-13 10:29:51,price_change,DOWN,0.83,158.41,0.83,0.84
2026-01-13 10:29:51,price_change,DOWN,0.83,17,0.83,0.84
2026-01-13 10:29:51,price_change,DOWN,0.85,174,0.85,0.86
2026-01-13 10:29:51,price_change,UP,0.14,325.66,0.14,0.15
2026-01-13 10:29:52,price_change,DOWN,0.8,25,0.85,0.86
2026-01-13 10:29:52,price_change,DOWN,0.76,53,0.85,0.86
2026-01-13 10:29:53,price_change,UP,0.14,185.18,0.14,0.15
2026-01-13 10:29:53,price_change,UP,0.13,20,0.13,0.15
2026-01-13 10:29:53,price_change,UP,0.13,17.19,0.13,0.14
2026-01-13 10:29:53,price_change,DOWN,0.82,42,0.92,0.93
2026-01-13 10:29:54,price_change,DOWN,0.92,320.24,0.92,0.93
2026-01-13 10:29:54,price_change,DOWN,0.71,105,0.93,0.94
2026-01-13 10:29:54,price_change,UP,0.05,192,0.05,0.07
2026-01-13 10:29:55,price_change,DOWN,0.92,208.78,0.94,0.95
2026-01-13 10:29:55,price_change,DOWN,0.95,212.26,0.95,0.96
2026-01-13 10:29:55,price_change,DOWN,0.7,5,0.97,0.99
2026-01-13 10:29:56,price_change,DOWN,0.97,312,0.97,0.99
2026-01-13 10:29:56,price_change,DOWN,0.97,209.9,0.97,0.99
2026-01-13 10:29:56,price_change,DOWN,0.97,1999.75,0.97,0.99
2026-01-13 10:29:56,price_change,DOWN,0.96,690.2,0.98,0.99
2026-01-13 10:29:57,price_change,DOWN,0.98,283.07,0.98,0.99
