timestamp,left (real time),event,event_type,buy_pick,buy_price,buy_size,buy_best_bid,buy_best_ask
2026-01-13 21:29:02,58,"Bitcoin Up or Down - January 13, 8:15AM-8:30AM ET",price_change,UP,0.89,854.94,0.98,0.99
2026-01-13 21:29:02,58,"Bitcoin Up or Down - January 13, 8:15AM-8:30AM ET",price_change,DOWN,0.01,19562.13,0.01,0.02
2026-01-13 21:29:03,57,"Bitcoin Up or Down - January 13, 8:15AM-8:30AM ET",price_change,UP,0.98,2077.63,0.98,0.99
2026-01-13 21:29:03,57,"Bitcoin Up or Down - January 13, 8:15AM-8:30AM ET",price_change,DOWN,0.01,19557.13,0.01,0.02
2026-01-13 21:29:04,56,"Bitcoin Up or Down - January 13, 8:15AM-8:30AM ET",price_change,UP,0.98,2092.84,0.98,0.99
2026-01-13 21:29:04,56,"Bitcoin Up or Down - January 13, 8:15AM-8:30AM ET",price_change,DOWN,0.01,19516.7,0.01,0.02
2026-01-13 21:29:05,55,"Bitcoin Up or Down - January 13, 8:15AM-8:30AM ET",price_change,UP,0.98,2052.29,0.98,0.99
2026-01-13 21:29:05,55,"Bitcoin Up or Down - January 13, 8:15AM-8:30AM ET",price_change,DOWN,0.01,19421.83,0.01,0.02
2026-01-13 21:29:06,54,"Bitcoin Up or Down - January 13, 8:15AM-8:30AM ET",price_change,DOWN,0.01,17997.17,0.01,0.02
2026-01-13 21:29:06,54,"Bitcoin Up or Down - January 13, 8:15AM-8:30AM ET",price_change,UP,0.98,2052.29,0.98,0.99
2026-01-13 21:29:07,53,"Bitcoin Up or Down - January 13, 8:15AM-8:30AM ET",price_change,UP,0.98,2065.75,0.98,0.99
2026-01-13 21:29:07,53,"Bitcoin Up or Down - January 13, 8:15AM-8:30AM ET",price_change,DOWN,0.01,17602.74,0.01,0.02
2026-01-13 21:29:08,52,"Bitcoin Up or Down - January 13, 8:15AM-8:30AM ET",price_change,UP,0.98,2065.75,0.98,0.99
2026-01-13 21:29:08,52,"Bitcoin Up or Down - January 13, 8:15AM-8:30AM ET",price_change,DOWN,0.01,17400.67,0.01,0.02
2026-01-13 21:29:09,51,"Bitcoin Up or Down - January 13, 8:15AM-8:30AM ET",price_change,UP,0.97,2249.74,0.98,0.99
2026-01-13 21:29:09,51,"Bitcoin Up or Down - January 13, 8:15AM-8:30AM ET",price_change,DOWN,0.01,17090.67,0.01,0.02
2026-01-13 21:29:10,50,"Bitcoin Up or Down - January 13, 8:15AM-8:30AM ET",price_change,UP,0.95,862.92,0.98,0.99
2026-01-13 21:29:10,50,"Bitcoin Up or Down - January 13, 8:15AM-8:30AM ET",price_change,DOWN,0.01,16574.51,0.01,0.02
2026-01-13 21:29:11,49,"Bitcoin Up or Down - January 13, 8:15AM-8:30AM ET",price_change,UP,0.98,2065.75,0.98,0.99
2026-01-13 21:29:11,49,"Bitcoin Up or Down - January 13, 8:15AM-8:30AM ET",price_change,DOWN,0.01,16536.15,0.01,0.02
2026-01-13 21:29:12,48,"Bitcoin Up or Down - January 13, 8:15AM-8:30AM ET",price_change,UP,0.91,770,0.98,0.99
2026-01-13 21:29:12,48,"Bitcoin Up or Down - January 13, 8:15AM-8:30AM ET",price_change,DOWN,0.01,15463.66,0.01,0.02
2026-01-13 21:29:13,47,"Bitcoin Up or Down - January 13, 8:15AM-8:30AM ET",price_change,DOWN,0.01,14613.66,0.01,0.02
2026-01-13 21:29:13,47,"Bitcoin Up or Down - January 13, 8:15AM-8:30AM ET",price_change,UP,0.98,2407.73,0.98,0.99
2026-01-13 21:29:14,46,"Bitcoin Up or Down - January 13, 8:15AM-8:30AM ET",price_change,UP,0.98,2411.18,0.98,0.99
2026-01-13 21:29:14,46,"Bitcoin Up or Down - January 13, 8:15AM-8:30AM ET",price_change,DOWN,0.01,13386.86,0.01,0.02
2026-01-13 21:29:15,45,"Bitcoin Up or Down - January 13, 8:15AM-8:30AM ET",price_change,UP,0.98,2381.18,0.98,0.99
2026-01-13 21:29:15,45,"Bitcoin Up or Down - January 13, 8:15AM-8:30AM ET",price_change,DOWN,0.01,12914.7,0.01,0.02
2026-01-13 21:29:16,44,"Bitcoin Up or Down - January 13, 8:15AM-8:30AM ET",price_change,UP,0.98,2226.18,0.98,0.99
2026-01-13 21:29:16,44,"Bitcoin Up or Down - January 13, 8:15AM-8:30AM ET",price_change,DOWN,0.01,12675.42,0.01,0.02
2026-01-13 21:29:17,43,"Bitcoin Up or Down - January 13, 8:15AM-8:30AM ET",price_change,UP,0.97,2222.74,0.98,0.99
2026-01-13 21:29:17,43,"Bitcoin Up or Down - January 13, 8:15AM-8:30AM ET",price_change,DOWN,0.01,11570.37,0.01,0.02
2026-01-13 21:29:18,42,"Bitcoin Up or Down - January 13, 8:15AM-8:30AM ET",price_change,UP,0.97,2220.74,0.98,0.99
2026-01-13 21:29:18,42,"Bitcoin Up or Down - January 13, 8:15AM-8:30AM ET",price_change,DOWN,0.01,10145.26,0.01,0.02
2026-01-13 21:29:19,41,"Bitcoin Up or Down - January 13, 8:15AM-8:30AM ET",price_change,UP,0.98,3020.98,0.98,0.99
2026-01-13 21:29:19,41,"Bitcoin Up or Down - January 13, 8:15AM-8:30AM ET",price_change,DOWN,0.01,10063.65,0.01,0.02
2026-01-13 21:29:20,40,"Bitcoin Up or Down - January 13, 8:15AM-8:30AM ET",price_change,UP,0.98,2893.16,0.98,0.99
2026-01-13 21:29:20,40,"Bitcoin Up or Down - January 13, 8:15AM-8:30AM ET",price_change,DOWN,0.01,9760.63,0.01,0.02
2026-01-13 21:29:21,39,"Bitcoin Up or Down - January 13, 8:15AM-8:30AM ET",price_change,UP,0.98,3013.21,0.98,0.99
2026-01-13 21:29:21,39,"Bitcoin Up or Down - January 13, 8:15AM-8:30AM ET",price_change,DOWN,0.01,9030.61,0.01,0.02
2026-01-13 21:29:22,38,"Bitcoin Up or Down - January 13, 8:15AM-8:30AM ET",price_change,UP,0.96,3318.99,0.98,0.99
2026-01-13 21:29:22,38,"Bitcoin Up or Down - January 13, 8:15AM-8:30AM ET",price_change,DOWN,0.01,3925.23,0.01,0.02
2026-01-13 21:29:23,37,"Bitcoin Up or Down - January 13, 8:15AM-8:30AM ET",price_change,UP,0.98,2905.65,0.98,0.99
2026-01-13 21:29:23,37,"Bitcoin Up or Down - January 13, 8:15AM-8:30AM ET",price_change,DOWN,0.01,2136.08,0.01,0.02
2026-01-13 21:29:24,36,"Bitcoin Up or Down - January 13, 8:15AM-8:30AM ET",price_change,UP,0.98,2762.41,0.98,0.99
2026-01-13 21:29:24,36,"Bitcoin Up or Down - January 13, 8:15AM-8:30AM ET",price_change,DOWN,0.01,2083.96,0.01,0.02
2026-01-13 21:29:25,35,"Bitcoin Up or Down - January 13, 8:15AM-8:30AM ET",price_change,UP,0.98,2699.42,0.98,0.99
2026-01-13 21:29:25,35,"Bitcoin Up or Down - January 13, 8:15AM-8:30AM ET",price_change,DOWN,0.01,1722.57,0.01,0.02
2026-01-13 21:29:26,34,"Bitcoin Up or Down - January 13, 8:15AM-8:30AM ET",price_change,DOWN,0.01,1496.71,0.01,0.02
2026-01-13 21:29:26,34,"Bitcoin Up or Down - January 13, 8:15AM-8:30AM ET",price_change,UP,0.92,786.8,0.98,0.99
2026-01-13 21:29:27,33,"Bitcoin Up or Down - January 13, 8:15AM-8:30AM ET",price_change,UP,0.98,3466.68,0.98,0.99
2026-01-13 21:29:27,33,"Bitcoin Up or Down - January 13, 8:15AM-8:30AM ET",price_change,DOWN,0.01,967.44,0.01,0.02
2026-01-13 21:29:28,32,"Bitcoin Up or Down - January 13, 8:15AM-8:30AM ET",price_change,UP,0.93,901.89,0.98,0.99
2026-01-13 21:29:28,32,"Bitcoin Up or Down - January 13, 8:15AM-8:30AM ET",price_change,DOWN,0.01,583.95,0.01,0.02
2026-01-13 21:29:29,31,"Bitcoin Up or Down - January 13, 8:15AM-8:30AM ET",price_change,UP,0.91,791,0.99,1
2026-01-13 21:29:30,30,"Bitcoin Up or Down - January 13, 8:15AM-8:30AM ET",price_change,UP,0.98,3104.42,0.98,1
2026-01-13 21:29:30,30,"Bitcoin Up or Down - January 13, 8:15AM-8:30AM ET",price_change,DOWN,0.01,24,0.01,0.02
2026-01-13 21:29:31,29,"Bitcoin Up or Down - January 13, 8:15AM-8:30AM ET",price_change,DOWN,0.01,395.25,0.01,0.02
2026-01-13 21:29:31,29,"Bitcoin Up or Down - January 13, 8:15AM-8:30AM ET",price_change,UP,0.97,2192.82,0.98,0.99
2026-01-13 21:29:32,28,"Bitcoin Up or Down - January 13, 8:15AM-8:30AM ET",price_change,DOWN,0.01,301.57,0.01,0.02
2026-01-13 21:29:32,28,"Bitcoin Up or Down - January 13, 8:15AM-8:30AM ET",price_change,UP,0.96,3353.91,0.98,0.99
2026-01-13 21:29:33,27,"Bitcoin Up or Down - January 13, 8:15AM-8:30AM ET",price_change,UP,0.98,3462.53,0.98,0.99
2026-01-13 21:29:33,27,"Bitcoin Up or Down - January 13, 8:15AM-8:30AM ET",price_change,DOWN,0.01,239.54,0.01,0.02
2026-01-13 21:29:34,26,"Bitcoin Up or Down - January 13, 8:15AM-8:30AM ET",price_change,DOWN,0.01,156.09,0.01,0.02
2026-01-13 21:29:34,26,"Bitcoin Up or Down - January 13, 8:15AM-8:30AM ET",price_change,UP,0.97,2167.82,0.98,0.99
2026-01-13 21:29:35,25,"Bitcoin Up or Down - January 13, 8:15AM-8:30AM ET",price_change,UP,0.86,791,0.99,1
2026-01-13 21:29:36,24,"Bitcoin Up or Down - January 13, 8:15AM-8:30AM ET",price_change,UP,0.98,3549.53,0.99,1
2026-01-13 21:29:37,23,"Bitcoin Up or Down - January 13, 8:15AM-8:30AM ET",price_change,UP,0.98,3487.53,0.99,1
2026-01-13 21:29:38,22,"Bitcoin Up or Down - January 13, 8:15AM-8:30AM ET",price_change,UP,0.42,51.85,0.99,1
2026-01-13 21:29:39,21,"Bitcoin Up or Down - January 13, 8:15AM-8:30AM ET",price_change,UP,0.98,3426.78,0.99,1
2026-01-13 21:29:40,20,"Bitcoin Up or Down - January 13, 8:15AM-8:30AM ET",price_change,UP,0.98,3385.78,0.99,1
2026-01-13 21:29:41,19,"Bitcoin Up or Down - January 13, 8:15AM-8:30AM ET",price_change,UP,0.97,1438.74,0.99,1
2026-01-13 21:29:42,18,"Bitcoin Up or Down - January 13, 8:15AM-8:30AM ET",price_change,UP,0.97,1462.74,0.99,1
2026-01-13 21:29:43,17,"Bitcoin Up or Down - January 13, 8:15AM-8:30AM ET",price_change,UP,0.98,3404.78,0.99,1
2026-01-13 21:29:44,16,"Bitcoin Up or Down - January 13, 8:15AM-8:30AM ET",price_change,UP,0.9,1122.99,0.99,1
2026-01-13 21:29:45,15,"Bitcoin Up or Down - January 13, 8:15AM-8:30AM ET",price_change,UP,0.91,15,0.99,1
2026-01-13 21:29:46,14,"Bitcoin Up or Down - January 13, 8:15AM-8:30AM ET",price_change,UP,0.98,3343.78,0.99,1
2026-01-13 21:29:47,13,"Bitcoin Up or Down - January 13, 8:15AM-8:30AM ET",price_change,UP,0.97,1326.82,0.99,1
2026-01-13 21:29:49,11,"Bitcoin Up or Down - January 13, 8:15AM-8:30AM ET",price_change,UP,0.86,15,0.99,1
2026-01-13 21:29:50,10,"Bitcoin Up or Down - January 13, 8:15AM-8:30AM ET",price_change,UP,0.99,4852.94,0.99,1
2026-01-13 21:29:51,9,"Bitcoin Up or Down - January 13, 8:15AM-8:30AM ET",price_change,UP,0.99,4903.44,0.99,1
2026-01-13 21:29:52,8,"Bitcoin Up or Down - January 13, 8:15AM-8:30AM ET",price_change,UP,0.99,5143.49,0.99,1
2026-01-13 21:29:53,7,"Bitcoin Up or Down - January 13, 8:15AM-8:30AM ET",price_change,UP,0.88,20.69,0.99,1
2026-01-13 21:29:54,6,"Bitcoin Up or Down - January 13, 8:15AM-8:30AM ET",price_change,UP,0.99,7024.04,0.99,1
2026-01-13 21:29:55,5,"Bitcoin Up or Down - January 13, 8:15AM-8:30AM ET",price_change,UP,0.9,1122.99,0.99,1
2026-01-13 21:29:56,4,"Bitcoin Up or Down - January 13, 8:15AM-8:30AM ET",price_change,UP,0.99,10599.78,0.99,1
2026-01-13 21:29:57,3,"Bitcoin Up or Down - January 13, 8:15AM-8:30AM ET",price_change,UP,0.99,10624.78,0.99,1
2026-01-13 21:29:58,2,"Bitcoin Up or Down - January 13, 8:15AM-8:30AM ET",price_change,UP,0.97,1338.82,0.99,1
2026-01-13 21:29:59,1,"Bitcoin Up or Down - January 13, 8:15AM-8:30AM ET",price_change,UP,0.98,2268.78,0.99,1
2026-01-13 21:30:00,899,"Bitcoin Up or Down - January 13, 8:30AM-8:45AM ET",price_change,DOWN,0.49,29.45,0.49,0.52
2026-01-13 21:30:00,899,"Bitcoin Up or Down - January 13, 8:30AM-8:45AM ET",price_change,UP,0.47,12.92,0.48,0.51
2026-01-13 21:30:00,899,"Bitcoin Up or Down - January 13, 8:30AM-8:45AM ET",price_change,UP,0.48,3996.15,0.48,0.51
2026-01-13 21:30:00,899,"Bitcoin Up or Down - January 13, 8:30AM-8:45AM ET",price_change,DOWN,0.19,50,0.49,0.5
2026-01-13 21:30:00,899,"Bitcoin Up or Down - January 13, 8:30AM-8:45AM ET",price_change,DOWN,0.22,119.08,0.48,0.49
2026-01-13 21:30:00,899,"Bitcoin Up or Down - January 13, 8:30AM-8:45AM ET",price_change,UP,0.49,5.5,0.51,0.52
2026-01-13 21:30:00,899,"Bitcoin Up or Down - January 13, 8:30AM-8:45AM ET",price_change,DOWN,0.5,22,0.5,0.51
2026-01-13 21:30:00,899,"Bitcoin Up or Down - January 13, 8:30AM-8:45AM ET",price_change,UP,0.48,5366.15,0.49,0.5
2026-01-13 21:30:01,899,"Bitcoin Up or Down - January 13, 8:30AM-8:45AM ET",price_change,DOWN,0.45,142.31,0.45,0.51
2026-01-13 21:30:01,899,"Bitcoin Up or Down - January 13, 8:30AM-8:45AM ET",price_change,UP,0.5,30,0.5,0.55
2026-01-13 21:30:02,897,"Bitcoin Up or Down - January 13, 8:30AM-8:45AM ET",price_change,DOWN,0.35,301.5,0.35,0.41
2026-01-13 21:30:02,897,"Bitcoin Up or Down - January 13, 8:30AM-8:45AM ET",price_change,UP,0.53,326,0.59,0.61
2026-01-13 21:30:02,896,"Bitcoin Up or Down - January 13, 8:30AM-8:45AM ET",price_change,UP,0.59,0.5,0.59,0.63
2026-01-13 21:30:03,896,"Bitcoin Up or Down - January 13, 8:30AM-8:45AM ET",price_change,UP,0.58,236.62,0.58,0.63
2026-01-13 21:30:03,896,"Bitcoin Up or Down - January 13, 8:30AM-8:45AM ET",price_change,DOWN,0.37,294,0.37,0.42
2026-01-13 21:30:04,895,"Bitcoin Up or Down - January 13, 8:30AM-8:45AM ET",price_change,UP,0.6,186.5,0.6,0.61
2026-01-13 21:30:04,895,"Bitcoin Up or Down - January 13, 8:30AM-8:45AM ET",price_change,DOWN,0.39,252.15,0.39,0.4
2026-01-13 21:30:05,894,"Bitcoin Up or Down - January 13, 8:30AM-8:45AM ET",price_change,DOWN,0.36,435.96,0.36,0.38
2026-01-13 21:30:05,894,"Bitcoin Up or Down - January 13, 8:30AM-8:45AM ET",price_change,UP,0.41,15,0.62,0.64
2026-01-13 21:30:06,893,"Bitcoin Up or Down - January 13, 8:30AM-8:45AM ET",price_change,DOWN,0.34,194.93,0.34,0.38
2026-01-13 21:30:06,893,"Bitcoin Up or Down - January 13, 8:30AM-8:45AM ET",price_change,UP,0.61,237.52,0.61,0.66
2026-01-13 21:30:07,892,"Bitcoin Up or Down - January 13, 8:30AM-8:45AM ET",price_change,DOWN,0.28,242,0.28,0.29
2026-01-13 21:30:07,892,"Bitcoin Up or Down - January 13, 8:30AM-8:45AM ET",price_change,UP,0.71,84.29,0.71,0.72
2026-01-13 21:30:08,891,"Bitcoin Up or Down - January 13, 8:30AM-8:45AM ET",price_change,UP,0.77,111.25,0.77,0.78
2026-01-13 21:30:08,891,"Bitcoin Up or Down - January 13, 8:30AM-8:45AM ET",price_change,DOWN,0.22,0,0.21,0.22
2026-01-13 21:30:09,890,"Bitcoin Up or Down - January 13, 8:30AM-8:45AM ET",price_change,DOWN,0.19,301.07,0.19,0.24
2026-01-13 21:30:09,890,"Bitcoin Up or Down - January 13, 8:30AM-8:45AM ET",price_change,UP,0.56,10.5,0.76,0.81
2026-01-13 21:30:10,889,"Bitcoin Up or Down - January 13, 8:30AM-8:45AM ET",price_change,UP,0.74,207.45,0.74,0.78
2026-01-13 21:30:10,889,"Bitcoin Up or Down - January 13, 8:30AM-8:45AM ET",price_change,DOWN,0.22,242.79,0.22,0.26
2026-01-13 21:30:11,888,"Bitcoin Up or Down - January 13, 8:30AM-8:45AM ET",price_change,DOWN,0.22,120.55,0.22,0.26
2026-01-13 21:30:11,888,"Bitcoin Up or Down - January 13, 8:30AM-8:45AM ET",price_change,UP,0.24,30,0.74,0.78
2026-01-13 21:30:12,887,"Bitcoin Up or Down - January 13, 8:30AM-8:45AM ET",price_change,DOWN,0.18,250.25,0.18,0.19
2026-01-13 21:30:12,887,"Bitcoin Up or Down - January 13, 8:30AM-8:45AM ET",price_change,UP,0.23,10,0.81,0.82
2026-01-13 21:30:13,887,"Bitcoin Up or Down - January 13, 8:30AM-8:45AM ET",price_change,DOWN,0.1,695,0.15,0.18
2026-01-13 21:30:13,887,"Bitcoin Up or Down - January 13, 8:30AM-8:45AM ET",price_change,UP,0.82,276.81,0.82,0.85
2026-01-13 21:30:14,886,"Bitcoin Up or Down - January 13, 8:30AM-8:45AM ET",price_change,UP,0.61,1981.21,0.82,0.85
2026-01-13 21:30:14,886,"Bitcoin Up or Down - January 13, 8:30AM-8:45AM ET",price_change,DOWN,0.17,15,0.17,0.18
2026-01-13 21:30:15,885,"Bitcoin Up or Down - January 13, 8:30AM-8:45AM ET",price_change,UP,0.8,8.5,0.8,0.82
2026-01-13 21:30:15,885,"Bitcoin Up or Down - January 13, 8:30AM-8:45AM ET",price_change,DOWN,0.03,1605.22,0.18,0.2
2026-01-13 21:30:16,884,"Bitcoin Up or Down - January 13, 8:30AM-8:45AM ET",price_change,UP,0.76,70.05,0.76,0.85
2026-01-13 21:30:16,884,"Bitcoin Up or Down - January 13, 8:30AM-8:45AM ET",price_change,DOWN,0.15,314.16,0.15,0.24
2026-01-13 21:30:17,883,"Bitcoin Up or Down - January 13, 8:30AM-8:45AM ET",price_change,UP,0.79,216,0.79,0.8
2026-01-13 21:30:17,883,"Bitcoin Up or Down - January 13, 8:30AM-8:45AM ET",price_change,DOWN,0.2,0,0.19,0.21
2026-01-13 21:30:18,882,"Bitcoin Up or Down - January 13, 8:30AM-8:45AM ET",price_change,DOWN,0.2,743.2,0.2,0.22
2026-01-13 21:30:18,882,"Bitcoin Up or Down - January 13, 8:30AM-8:45AM ET",price_change,UP,0.35,20,0.78,0.8
2026-01-13 21:30:19,881,"Bitcoin Up or Down - January 13, 8:30AM-8:45AM ET",price_change,UP,0.77,66.35,0.77,0.8
2026-01-13 21:30:19,881,"Bitcoin Up or Down - January 13, 8:30AM-8:45AM ET",price_change,DOWN,0.2,607.79,0.2,0.23
2026-01-13 21:30:20,880,"Bitcoin Up or Down - January 13, 8:30AM-8:45AM ET",price_change,UP,0.76,130.14,0.76,0.78
2026-01-13 21:30:20,880,"Bitcoin Up or Down - January 13, 8:30AM-8:45AM ET",price_change,DOWN,0.22,509.33,0.22,0.24
2026-01-13 21:30:20,879,"Bitcoin Up or Down - January 13, 8:30AM-8:45AM ET",price_change,UP,0.63,377,0.77,0.79
2026-01-13 21:30:20,879,"Bitcoin Up or Down - January 13, 8:30AM-8:45AM ET",price_change,DOWN,0.1,441,0.21,0.23
2026-01-13 21:30:21,879,"Bitcoin Up or Down - January 13, 8:30AM-8:45AM ET",price_change,UP,0.71,1324.54,0.76,0.79
2026-01-13 21:30:21,879,"Bitcoin Up or Down - January 13, 8:30AM-8:45AM ET",price_change,DOWN,0.21,512.53,0.21,0.23
2026-01-13 21:30:21,878,"Bitcoin Up or Down - January 13, 8:30AM-8:45AM ET",price_change,DOWN,0.22,3.93,0.22,0.24
2026-01-13 21:30:21,878,"Bitcoin Up or Down - January 13, 8:30AM-8:45AM ET",price_change,UP,0.6,236.4,0.76,0.78
2026-01-13 21:30:21,878,"Bitcoin Up or Down - January 13, 8:30AM-8:45AM ET",price_change,DOWN,0.21,453.43,0.21,0.23
2026-01-13 21:30:21,878,"Bitcoin Up or Down - January 13, 8:30AM-8:45AM ET",price_change,UP,0.66,311,0.77,0.79
2026-01-13 21:30:21,878,"Bitcoin Up or Down - January 13, 8:30AM-8:45AM ET",price_change,UP,0.77,5.56,0.77,0.79
2026-01-13 21:30:21,878,"Bitcoin Up or Down - January 13, 8:30AM-8:45AM ET",price_change,DOWN,0.21,447.01,0.21,0.23
2026-01-13 21:30:21,878,"Bitcoin Up or Down - January 13, 8:30AM-8:45AM ET",price_change,DOWN,0.21,430.4,0.21,0.23
2026-01-13 21:30:22,878,"Bitcoin Up or Down - January 13, 8:30AM-8:45AM ET",price_change,DOWN,0.21,420.4,0.21,0.23
2026-01-13 21:30:22,878,"Bitcoin Up or Down - January 13, 8:30AM-8:45AM ET",price_change,UP,0.73,339.34,0.77,0.79
2026-01-13 21:30:23,877,"Bitcoin Up or Down - January 13, 8:30AM-8:45AM ET",price_change,UP,0.76,737.14,0.76,0.79
2026-01-13 21:30:23,877,"Bitcoin Up or Down - January 13, 8:30AM-8:45AM ET",price_change,DOWN,0.23,20,0.23,0.24
2026-01-13 21:30:24,876,"Bitcoin Up or Down - January 13, 8:30AM-8:45AM ET",price_change,DOWN,0.23,117.95,0.23,0.24
2026-01-13 21:30:24,876,"Bitcoin Up or Down - January 13, 8:30AM-8:45AM ET",price_change,UP,0.76,722.38,0.76,0.77
2026-01-13 21:30:25,875,"Bitcoin Up or Down - January 13, 8:30AM-8:45AM ET",price_change,UP,0.8,2.5,0.8,0.81
2026-01-13 21:30:25,875,"Bitcoin Up or Down - January 13, 8:30AM-8:45AM ET",price_change,DOWN,0.19,890.09,0.19,0.2
2026-01-13 21:30:26,874,"Bitcoin Up or Down - January 13, 8:30AM-8:45AM ET",price_change,DOWN,0.19,57.24,0.19,0.2
2026-01-13 21:30:26,874,"Bitcoin Up or Down - January 13, 8:30AM-8:45AM ET",price_change,UP,0.78,2664.73,0.8,0.81
2026-01-13 21:30:27,873,"Bitcoin Up or Down - January 13, 8:30AM-8:45AM ET",price_change,UP,0.79,700.82,0.79,0.81
2026-01-13 21:30:27,873,"Bitcoin Up or Down - January 13, 8:30AM-8:45AM ET",price_change,DOWN,0.19,185.58,0.19,0.21
2026-01-13 21:30:28,872,"Bitcoin Up or Down - January 13, 8:30AM-8:45AM ET",price_change,UP,0.78,3747.73,0.78,0.79
2026-01-13 21:30:28,872,"Bitcoin Up or Down - January 13, 8:30AM-8:45AM ET",price_change,DOWN,0.21,101.2,0.21,0.22
2026-01-13 21:30:29,871,"Bitcoin Up or Down - January 13, 8:30AM-8:45AM ET",price_change,DOWN,0.21,111.89,0.21,0.22
2026-01-13 21:30:29,871,"Bitcoin Up or Down - January 13, 8:30AM-8:45AM ET",price_change,UP,0.42,14.52,0.78,0.79
2026-01-13 21:30:30,870,"Bitcoin Up or Down - January 13, 8:30AM-8:45AM ET",price_change,UP,0.8,715.09,0.8,0.84
2026-01-13 21:30:30,870,"Bitcoin Up or Down - January 13, 8:30AM-8:45AM ET",price_change,DOWN,0.08,526,0.16,0.2
2026-01-13 21:30:31,869,"Bitcoin Up or Down - January 13, 8:30AM-8:45AM ET",price_change,UP,0.8,76.5,0.8,0.82
2026-01-13 21:30:31,869,"Bitcoin Up or Down - January 13, 8:30AM-8:45AM ET",price_change,DOWN,0.19,10,0.19,0.2
2026-01-13 21:30:31,868,"Bitcoin Up or Down - January 13, 8:30AM-8:45AM ET",price_change,UP,0.65,190.39,0.8,0.81
2026-01-13 21:30:31,868,"Bitcoin Up or Down - January 13, 8:30AM-8:45AM ET",price_change,DOWN,0.19,10.97,0.19,0.2
2026-01-13 21:30:32,868,"Bitcoin Up or Down - January 13, 8:30AM-8:45AM ET",price_change,UP,0.78,302.88,0.8,0.81
2026-01-13 21:30:32,868,"Bitcoin Up or Down - January 13, 8:30AM-8:45AM ET",price_change,DOWN,0.19,26.97,0.19,0.2
2026-01-13 21:30:33,867,"Bitcoin Up or Down - January 13, 8:30AM-8:45AM ET",price_change,UP,0.76,127.74,0.76,0.78
2026-01-13 21:30:33,867,"Bitcoin Up or Down - January 13, 8:30AM-8:45AM ET",price_change,DOWN,0.19,545,0.22,0.24
2026-01-13 21:30:33,866,"Bitcoin Up or Down - January 13, 8:30AM-8:45AM ET",price_change,DOWN,0.24,194.03,0.24,0.25
2026-01-13 21:30:33,866,"Bitcoin Up or Down - January 13, 8:30AM-8:45AM ET",price_change,UP,0.57,45,0.75,0.76
2026-01-13 21:30:34,866,"Bitcoin Up or Down - January 13, 8:30AM-8:45AM ET",price_change,DOWN,0.24,184.03,0.24,0.25
2026-01-13 21:30:34,866,"Bitcoin Up or Down - January 13, 8:30AM-8:45AM ET",price_change,UP,0.72,365.35,0.75,0.76
2026-01-13 21:30:35,865,"Bitcoin Up or Down - January 13, 8:30AM-8:45AM ET",price_change,DOWN,0.24,69.62,0.24,0.25
2026-01-13 21:30:35,865,"Bitcoin Up or Down - January 13, 8:30AM-8:45AM ET",price_change,UP,0.58,1010,0.75,0.76
2026-01-13 21:30:36,864,"Bitcoin Up or Down - January 13, 8:30AM-8:45AM ET",price_change,UP,0.73,46.14,0.73,0.77
2026-01-13 21:30:36,864,"Bitcoin Up or Down - January 13, 8:30AM-8:45AM ET",price_change,DOWN,0.21,1404.14,0.23,0.27
2026-01-13 21:30:37,863,"Bitcoin Up or Down - January 13, 8:30AM-8:45AM ET",price_change,UP,0.7,1,0.7,0.76
2026-01-13 21:30:37,863,"Bitcoin Up or Down - January 13, 8:30AM-8:45AM ET",price_change,DOWN,0.27,15,0.27,0.3
2026-01-13 21:30:38,862,"Bitcoin Up or Down - January 13, 8:30AM-8:45AM ET",price_change,DOWN,0.26,82,0.29,0.33
2026-01-13 21:30:38,862,"Bitcoin Up or Down - January 13, 8:30AM-8:45AM ET",price_change,UP,0.63,91,0.67,0.71
2026-01-13 21:30:39,861,"Bitcoin Up or Down - January 13, 8:30AM-8:45AM ET",price_change,DOWN,0.33,264.5,0.33,0.35
2026-01-13 21:30:39,861,"Bitcoin Up or Down - January 13, 8:30AM-8:45AM ET",price_change,UP,0.62,145,0.65,0.66
2026-01-13 21:30:40,860,"Bitcoin Up or Down - January 13, 8:30AM-8:45AM ET",price_change,UP,0.66,147.87,0.66,0.71
2026-01-13 21:30:40,860,"Bitcoin Up or Down - January 13, 8:30AM-8:45AM ET",price_change,DOWN,0.29,129.77,0.29,0.34
2026-01-13 21:30:40,860,"Bitcoin Up or Down - January 13, 8:30AM-8:45AM ET",price_change,UP,0.66,146.37,0.66,0.71
2026-01-13 21:30:41,859,"Bitcoin Up or Down - January 13, 8:30AM-8:45AM ET",price_change,UP,0.69,290.56,0.69,0.71
2026-01-13 21:30:41,859,"Bitcoin Up or Down - January 13, 8:30AM-8:45AM ET",price_change,DOWN,0.24,598.35,0.29,0.31
2026-01-13 21:30:42,858,"Bitcoin Up or Down - January 13, 8:30AM-8:45AM ET",price_change,UP,0.64,24.52,0.64,0.67
2026-01-13 21:30:42,858,"Bitcoin Up or Down - January 13, 8:30AM-8:45AM ET",price_change,DOWN,0.2,1495,0.33,0.36
2026-01-13 21:30:43,857,"Bitcoin Up or Down - January 13, 8:30AM-8:45AM ET",price_change,DOWN,0.34,997.55,0.34,0.35
2026-01-13 21:30:43,857,"Bitcoin Up or Down - January 13, 8:30AM-8:45AM ET",price_change,UP,0.42,14.52,0.65,0.66
2026-01-13 21:30:43,856,"Bitcoin Up or Down - January 13, 8:30AM-8:45AM ET",price_change,DOWN,0.34,287.9,0.34,0.35
2026-01-13 21:30:43,856,"Bitcoin Up or Down - January 13, 8:30AM-8:45AM ET",price_change,UP,0.56,256,0.65,0.66
2026-01-13 21:30:44,856,"Bitcoin Up or Down - January 13, 8:30AM-8:45AM ET",price_change,DOWN,0.34,119,0.34,0.35
2026-01-13 21:30:44,856,"Bitcoin Up or Down - January 13, 8:30AM-8:45AM ET",price_change,UP,0.64,501.5,0.65,0.66
2026-01-13 21:30:45,855,"Bitcoin Up or Down - January 13, 8:30AM-8:45AM ET",price_change,DOWN,0.29,6.27,0.29,0.31
2026-01-13 21:30:45,855,"Bitcoin Up or Down - January 13, 8:30AM-8:45AM ET",price_change,UP,0.68,5,0.69,0.71
2026-01-13 21:30:46,854,"Bitcoin Up or Down - January 13, 8:30AM-8:45AM ET",price_change,UP,0.68,12.86,0.68,0.7
2026-01-13 21:30:46,854,"Bitcoin Up or Down - January 13, 8:30AM-8:45AM ET",price_change,DOWN,0.3,390.82,0.3,0.32
2026-01-13 21:30:47,853,"Bitcoin Up or Down - January 13, 8:30AM-8:45AM ET",price_change,DOWN,0.31,14.3,0.31,0.32
2026-01-13 21:30:47,853,"Bitcoin Up or Down - January 13, 8:30AM-8:45AM ET",price_change,UP,0.69,0,0.68,0.69
2026-01-13 21:30:48,852,"Bitcoin Up or Down - January 13, 8:30AM-8:45AM ET",price_change,DOWN,0.27,109.94,0.27,0.31
2026-01-13 21:30:48,852,"Bitcoin Up or Down - January 13, 8:30AM-8:45AM ET",price_change,UP,0.69,130.72,0.69,0.73
2026-01-13 21:30:49,851,"Bitcoin Up or Down - January 13, 8:30AM-8:45AM ET",price_change,UP,0.69,35.07,0.69,0.7
2026-01-13 21:30:49,851,"Bitcoin Up or Down - January 13, 8:30AM-8:45AM ET",price_change,DOWN,0.3,1528.33,0.3,0.31
2026-01-13 21:30:50,850,"Bitcoin Up or Down - January 13, 8:30AM-8:45AM ET",price_change,UP,0.69,10,0.69,0.7
2026-01-13 21:30:50,850,"Bitcoin Up or Down - January 13, 8:30AM-8:45AM ET",price_change,DOWN,0.27,551.44,0.3,0.31
2026-01-13 21:30:51,849,"Bitcoin Up or Down - January 13, 8:30AM-8:45AM ET",price_change,UP,0.69,760.45,0.69,0.7
2026-01-13 21:30:51,849,"Bitcoin Up or Down - January 13, 8:30AM-8:45AM ET",price_change,DOWN,0.28,238.54,0.3,0.31
2026-01-13 21:30:52,848,"Bitcoin Up or Down - January 13, 8:30AM-8:45AM ET",price_change,UP,0.68,960.13,0.68,0.69
2026-01-13 21:30:52,848,"Bitcoin Up or Down - January 13, 8:30AM-8:45AM ET",price_change,DOWN,0.31,471.38,0.31,0.32
2026-01-13 21:30:53,847,"Bitcoin Up or Down - January 13, 8:30AM-8:45AM ET",price_change,UP,0.68,814.63,0.68,0.69
2026-01-13 21:30:53,847,"Bitcoin Up or Down - January 13, 8:30AM-8:45AM ET",price_change,DOWN,0.31,316.52,0.31,0.32
2026-01-13 21:30:54,846,"Bitcoin Up or Down - January 13, 8:30AM-8:45AM ET",price_change,UP,0.68,719.63,0.68,0.69
2026-01-13 21:30:54,846,"Bitcoin Up or Down - January 13, 8:30AM-8:45AM ET",price_change,DOWN,0.28,535,0.31,0.32
2026-01-13 21:30:55,845,"Bitcoin Up or Down - January 13, 8:30AM-8:45AM ET",price_change,DOWN,0.31,214.17,0.31,0.35
2026-01-13 21:30:55,845,"Bitcoin Up or Down - January 13, 8:30AM-8:45AM ET",price_change,UP,0.63,1411.5,0.65,0.69
2026-01-13 21:30:56,844,"Bitcoin Up or Down - January 13, 8:30AM-8:45AM ET",price_change,UP,0.67,104.58,0.67,0.68
2026-01-13 21:30:56,844,"Bitcoin Up or Down - January 13, 8:30AM-8:45AM ET",price_change,DOWN,0.29,160,0.32,0.33
2026-01-13 21:30:57,843,"Bitcoin Up or Down - January 13, 8:30AM-8:45AM ET",price_change,DOWN,0.32,108.13,0.32,0.33
2026-01-13 21:30:57,843,"Bitcoin Up or Down - January 13, 8:30AM-8:45AM ET",price_change,UP,0.65,427,0.67,0.68
2026-01-13 21:30:58,842,"Bitcoin Up or Down - January 13, 8:30AM-8:45AM ET",price_change,DOWN,0.32,77.42,0.32,0.33
2026-01-13 21:30:58,842,"Bitcoin Up or Down - January 13, 8:30AM-8:45AM ET",price_change,UP,0.64,387,0.67,0.68
2026-01-13 21:30:58,841,"Bitcoin Up or Down - January 13, 8:30AM-8:45AM ET",price_change,UP,0.61,1217.62,0.67,0.68
2026-01-13 21:30:58,841,"Bitcoin Up or Down - January 13, 8:30AM-8:45AM ET",price_change,DOWN,0.19,284.36,0.32,0.33
2026-01-13 21:30:59,841,"Bitcoin Up or Down - January 13, 8:30AM-8:45AM ET",price_change,UP,0.67,94.86,0.67,0.68
2026-01-13 21:30:59,841,"Bitcoin Up or Down - January 13, 8:30AM-8:45AM ET",price_change,DOWN,0.28,85,0.32,0.33
2026-01-13 21:31:00,840,"Bitcoin Up or Down - January 13, 8:30AM-8:45AM ET",price_change,UP,0.67,38.5,0.67,0.68
2026-01-13 21:31:00,840,"Bitcoin Up or Down - January 13, 8:30AM-8:45AM ET",price_change,DOWN,0.28,50,0.32,0.33
2026-01-13 21:31:01,839,"Bitcoin Up or Down - January 13, 8:30AM-8:45AM ET",price_change,UP,0.67,400.79,0.69,0.7
2026-01-13 21:31:01,839,"Bitcoin Up or Down - January 13, 8:30AM-8:45AM ET",price_change,DOWN,0.27,317.72,0.3,0.31
2026-01-13 21:31:02,838,"Bitcoin Up or Down - January 13, 8:30AM-8:45AM ET",price_change,DOWN,0.31,711.98,0.31,0.32
2026-01-13 21:31:02,838,"Bitcoin Up or Down - January 13, 8:30AM-8:45AM ET",price_change,UP,0.63,459.46,0.68,0.69
2026-01-13 21:31:03,837,"Bitcoin Up or Down - January 13, 8:30AM-8:45AM ET",price_change,DOWN,0.26,73.4,0.26,0.27
2026-01-13 21:31:03,837,"Bitcoin Up or Down - January 13, 8:30AM-8:45AM ET",price_change,UP,0.62,287,0.73,0.74
2026-01-13 21:31:04,836,"Bitcoin Up or Down - January 13, 8:30AM-8:45AM ET",price_change,DOWN,0.26,1006.13,0.26,0.27
2026-01-13 21:31:04,836,"Bitcoin Up or Down - January 13, 8:30AM-8:45AM ET",price_change,UP,0.73,438.09,0.73,0.74
2026-01-13 21:31:05,835,"Bitcoin Up or Down - January 13, 8:30AM-8:45AM ET",price_change,DOWN,0.26,665.63,0.26,0.27
2026-01-13 21:31:05,835,"Bitcoin Up or Down - January 13, 8:30AM-8:45AM ET",price_change,UP,0.63,386.46,0.73,0.74
2026-01-13 21:31:06,834,"Bitcoin Up or Down - January 13, 8:30AM-8:45AM ET",price_change,DOWN,0.26,0,0.18,0.27
2026-01-13 21:31:06,834,"Bitcoin Up or Down - January 13, 8:30AM-8:45AM ET",price_change,UP,0.69,1052.03,0.73,0.82
2026-01-13 21:31:07,833,"Bitcoin Up or Down - January 13, 8:30AM-8:45AM ET",price_change,DOWN,0.18,23.53,0.18,0.26
2026-01-13 21:31:07,833,"Bitcoin Up or Down - January 13, 8:30AM-8:45AM ET",price_change,UP,0.57,311,0.74,0.82
2026-01-13 21:31:08,832,"Bitcoin Up or Down - January 13, 8:30AM-8:45AM ET",price_change,UP,0.74,24.95,0.74,0.75
2026-01-13 21:31:08,832,"Bitcoin Up or Down - January 13, 8:30AM-8:45AM ET",price_change,DOWN,0.25,961.75,0.25,0.26
2026-01-13 21:31:09,831,"Bitcoin Up or Down - January 13, 8:30AM-8:45AM ET",price_change,UP,0.73,38.19,0.73,0.75
2026-01-13 21:31:09,831,"Bitcoin Up or Down - January 13, 8:30AM-8:45AM ET",price_change,DOWN,0.18,51,0.25,0.27
2026-01-13 21:31:10,830,"Bitcoin Up or Down - January 13, 8:30AM-8:45AM ET",price_change,DOWN,0.25,1039.17,0.25,0.26
2026-01-13 21:31:10,830,"Bitcoin Up or Down - January 13, 8:30AM-8:45AM ET",price_change,UP,0.68,331.47,0.74,0.75
2026-01-13 21:31:11,829,"Bitcoin Up or Down - January 13, 8:30AM-8:45AM ET",price_change,DOWN,0.07,1438.57,0.26,0.27
2026-01-13 21:31:11,829,"Bitcoin Up or Down - January 13, 8:30AM-8:45AM ET",price_change,UP,0.73,293.86,0.73,0.74
2026-01-13 21:31:12,828,"Bitcoin Up or Down - January 13, 8:30AM-8:45AM ET",price_change,UP,0.73,1123.5,0.73,0.74
2026-01-13 21:31:12,828,"Bitcoin Up or Down - January 13, 8:30AM-8:45AM ET",price_change,DOWN,0.07,1318.57,0.26,0.27
2026-01-13 21:31:13,827,"Bitcoin Up or Down - January 13, 8:30AM-8:45AM ET",price_change,DOWN,0.26,986.73,0.26,0.27
2026-01-13 21:31:13,827,"Bitcoin Up or Down - January 13, 8:30AM-8:45AM ET",price_change,UP,0.65,277,0.73,0.74
2026-01-13 21:31:14,826,"Bitcoin Up or Down - January 13, 8:30AM-8:45AM ET",price_change,DOWN,0.27,598.58,0.27,0.32
2026-01-13 21:31:14,826,"Bitcoin Up or Down - January 13, 8:30AM-8:45AM ET",price_change,UP,0.67,168.1,0.68,0.73
2026-01-13 21:31:15,825,"Bitcoin Up or Down - January 13, 8:30AM-8:45AM ET",price_change,UP,0.69,53.33,0.69,0.72
2026-01-13 21:31:15,825,"Bitcoin Up or Down - January 13, 8:30AM-8:45AM ET",price_change,DOWN,0.13,322,0.28,0.31
2026-01-13 21:31:16,824,"Bitcoin Up or Down - January 13, 8:30AM-8:45AM ET",price_change,DOWN,0.28,1030.5,0.28,0.29
2026-01-13 21:31:16,824,"Bitcoin Up or Down - January 13, 8:30AM-8:45AM ET",price_change,UP,0.62,568,0.71,0.72
2026-01-13 21:31:17,823,"Bitcoin Up or Down - January 13, 8:30AM-8:45AM ET",price_change,UP,0.71,0.5,0.71,0.72
2026-01-13 21:31:17,823,"Bitcoin Up or Down - January 13, 8:30AM-8:45AM ET",price_change,DOWN,0.1,1001,0.28,0.29
2026-01-13 21:31:18,822,"Bitcoin Up or Down - January 13, 8:30AM-8:45AM ET",price_change,UP,0.66,44.52,0.66,0.69
2026-01-13 21:31:18,822,"Bitcoin Up or Down - January 13, 8:30AM-8:45AM ET",price_change,DOWN,0.01,29495.89,0.31,0.34
2026-01-13 21:31:19,821,"Bitcoin Up or Down - January 13, 8:30AM-8:45AM ET",price_change,UP,0.68,18.98,0.68,0.7
2026-01-13 21:31:19,821,"Bitcoin Up or Down - January 13, 8:30AM-8:45AM ET",price_change,DOWN,0.29,1065.8,0.3,0.32
2026-01-13 21:31:20,820,"Bitcoin Up or Down - January 13, 8:30AM-8:45AM ET",price_change,DOWN,0.3,200.98,0.3,0.34
2026-01-13 21:31:20,820,"Bitcoin Up or Down - January 13, 8:30AM-8:45AM ET",price_change,UP,0.66,3.5,0.66,0.7
2026-01-13 21:31:20,819,"Bitcoin Up or Down - January 13, 8:30AM-8:45AM ET",price_change,DOWN,0.34,131,0.34,0.36
2026-01-13 21:31:20,819,"Bitcoin Up or Down - January 13, 8:30AM-8:45AM ET",price_change,UP,0.57,706,0.64,0.66
2026-01-13 21:31:20,819,"Bitcoin Up or Down - January 13, 8:30AM-8:45AM ET",price_change,DOWN,0.3,417.54,0.34,0.35
2026-01-13 21:31:20,819,"Bitcoin Up or Down - January 13, 8:30AM-8:45AM ET",price_change,UP,0.61,981.02,0.65,0.66
2026-01-13 21:31:21,819,"Bitcoin Up or Down - January 13, 8:30AM-8:45AM ET",price_change,UP,0.65,13.5,0.65,0.66
2026-01-13 21:31:21,819,"Bitcoin Up or Down - January 13, 8:30AM-8:45AM ET",price_change,DOWN,0.34,126,0.34,0.35
2026-01-13 21:31:22,818,"Bitcoin Up or Down - January 13, 8:30AM-8:45AM ET",price_change,DOWN,0.34,1347.6,0.34,0.35
2026-01-13 21:31:22,818,"Bitcoin Up or Down - January 13, 8:30AM-8:45AM ET",price_change,UP,0.57,446,0.65,0.66
2026-01-13 21:31:23,817,"Bitcoin Up or Down - January 13, 8:30AM-8:45AM ET",price_change,DOWN,0.34,846.9,0.34,0.35
2026-01-13 21:31:23,817,"Bitcoin Up or Down - January 13, 8:30AM-8:45AM ET",price_change,UP,0.61,1232.02,0.65,0.66
2026-01-13 21:31:24,816,"Bitcoin Up or Down - January 13, 8:30AM-8:45AM ET",price_change,DOWN,0.24,532.92,0.35,0.36
2026-01-13 21:31:24,816,"Bitcoin Up or Down - January 13, 8:30AM-8:45AM ET",price_change,UP,0.63,85.13,0.64,0.65
2026-01-13 21:31:25,815,"Bitcoin Up or Down - January 13, 8:30AM-8:45AM ET",price_change,UP,0.59,217.4,0.64,0.65
2026-01-13 21:31:25,815,"Bitcoin Up or Down - January 13, 8:30AM-8:45AM ET",price_change,DOWN,0.33,481,0.35,0.36
2026-01-13 21:31:26,814,"Bitcoin Up or Down - January 13, 8:30AM-8:45AM ET",price_change,UP,0.62,3.5,0.62,0.64
2026-01-13 21:31:26,814,"Bitcoin Up or Down - January 13, 8:30AM-8:45AM ET",price_change,DOWN,0.34,1982,0.36,0.38
2026-01-13 21:31:27,813,"Bitcoin Up or Down - January 13, 8:30AM-8:45AM ET",price_change,UP,0.61,862.28,0.61,0.63
2026-01-13 21:31:27,813,"Bitcoin Up or Down - January 13, 8:30AM-8:45AM ET",price_change,DOWN,0.36,1319.87,0.37,0.39
2026-01-13 21:31:28,812,"Bitcoin Up or Down - January 13, 8:30AM-8:45AM ET",price_change,UP,0.62,17.68,0.62,0.63
2026-01-13 21:31:28,812,"Bitcoin Up or Down - January 13, 8:30AM-8:45AM ET",price_change,DOWN,0.34,598.42,0.37,0.38
2026-01-13 21:31:29,811,"Bitcoin Up or Down - January 13, 8:30AM-8:45AM ET",price_change,DOWN,0.38,541.31,0.38,0.39
2026-01-13 21:31:29,811,"Bitcoin Up or Down - January 13, 8:30AM-8:45AM ET",price_change,UP,0.61,564.88,0.61,0.62
2026-01-13 21:31:30,810,"Bitcoin Up or Down - January 13, 8:30AM-8:45AM ET",price_change,UP,0.58,117.36,0.59,0.6
2026-01-13 21:31:30,810,"Bitcoin Up or Down - January 13, 8:30AM-8:45AM ET",price_change,DOWN,0.33,291.5,0.4,0.41
2026-01-13 21:31:31,809,"Bitcoin Up or Down - January 13, 8:30AM-8:45AM ET",price_change,DOWN,0.42,138.64,0.42,0.43
2026-01-13 21:31:31,809,"Bitcoin Up or Down - January 13, 8:30AM-8:45AM ET",price_change,UP,0.56,37,0.57,0.58
2026-01-13 21:31:32,808,"Bitcoin Up or Down - January 13, 8:30AM-8:45AM ET",price_change,DOWN,0.43,15,0.43,0.44
2026-01-13 21:31:32,808,"Bitcoin Up or Down - January 13, 8:30AM-8:45AM ET",price_change,UP,0.57,0,0.56,0.57
2026-01-13 21:31:33,807,"Bitcoin Up or Down - January 13, 8:30AM-8:45AM ET",price_change,DOWN,0.36,1254.87,0.4,0.41
2026-01-13 21:31:33,807,"Bitcoin Up or Down - January 13, 8:30AM-8:45AM ET",price_change,UP,0.4,385.84,0.59,0.6
2026-01-13 21:31:34,806,"Bitcoin Up or Down - January 13, 8:30AM-8:45AM ET",price_change,DOWN,0.35,282.24,0.35,0.39
2026-01-13 21:31:34,806,"Bitcoin Up or Down - January 13, 8:30AM-8:45AM ET",price_change,UP,0.63,10,0.63,0.65
2026-01-13 21:31:35,805,"Bitcoin Up or Down - January 13, 8:30AM-8:45AM ET",price_change,DOWN,0.38,82,0.38,0.4
2026-01-13 21:31:35,805,"Bitcoin Up or Down - January 13, 8:30AM-8:45AM ET",price_change,UP,0.54,567,0.6,0.62
2026-01-13 21:31:36,804,"Bitcoin Up or Down - January 13, 8:30AM-8:45AM ET",price_change,UP,0.62,5.5,0.64,0.65
2026-01-13 21:31:36,804,"Bitcoin Up or Down - January 13, 8:30AM-8:45AM ET",price_change,DOWN,0.35,37.5,0.35,0.36
2026-01-13 21:31:36,804,"Bitcoin Up or Down - January 13, 8:30AM-8:45AM ET",price_change,UP,0.6,579.56,0.64,0.65
2026-01-13 21:31:36,804,"Bitcoin Up or Down - January 13, 8:30AM-8:45AM ET",price_change,DOWN,0.35,66.5,0.35,0.36
2026-01-13 21:31:37,803,"Bitcoin Up or Down - January 13, 8:30AM-8:45AM ET",price_change,UP,0.59,1556,0.64,0.65
2026-01-13 21:31:37,803,"Bitcoin Up or Down - January 13, 8:30AM-8:45AM ET",price_change,DOWN,0.35,5.5,0.35,0.36
2026-01-13 21:31:38,802,"Bitcoin Up or Down - January 13, 8:30AM-8:45AM ET",price_change,UP,0.67,13.5,0.67,0.68
2026-01-13 21:31:38,802,"Bitcoin Up or Down - January 13, 8:30AM-8:45AM ET",price_change,DOWN,0.31,120.8,0.32,0.33
2026-01-13 21:31:39,801,"Bitcoin Up or Down - January 13, 8:30AM-8:45AM ET",price_change,DOWN,0.32,11.5,0.32,0.33
2026-01-13 21:31:39,801,"Bitcoin Up or Down - January 13, 8:30AM-8:45AM ET",price_change,UP,0.59,1331,0.67,0.68
2026-01-13 21:31:40,800,"Bitcoin Up or Down - January 13, 8:30AM-8:45AM ET",price_change,DOWN,0.29,11.4,0.29,0.31
2026-01-13 21:31:40,800,"Bitcoin Up or Down - January 13, 8:30AM-8:45AM ET",price_change,UP,0.59,1316,0.69,0.71
2026-01-13 21:31:41,799,"Bitcoin Up or Down - January 13, 8:30AM-8:45AM ET",price_change,DOWN,0.28,108.5,0.28,0.3
2026-01-13 21:31:41,799,"Bitcoin Up or Down - January 13, 8:30AM-8:45AM ET",price_change,UP,0.49,586.38,0.7,0.72
2026-01-13 21:31:42,798,"Bitcoin Up or Down - January 13, 8:30AM-8:45AM ET",price_change,DOWN,0.31,92.35,0.31,0.32
2026-01-13 21:31:42,798,"Bitcoin Up or Down - January 13, 8:30AM-8:45AM ET",price_change,UP,0.68,4.29,0.68,0.69
2026-01-13 21:31:43,797,"Bitcoin Up or Down - January 13, 8:30AM-8:45AM ET",price_change,UP,0.31,328.99,0.68,0.69
2026-01-13 21:31:43,797,"Bitcoin Up or Down - January 13, 8:30AM-8:45AM ET",price_change,DOWN,0.26,614,0.31,0.32
2026-01-13 21:31:44,796,"Bitcoin Up or Down - January 13, 8:30AM-8:45AM ET",price_change,UP,0.67,203.33,0.67,0.69
2026-01-13 21:31:44,796,"Bitcoin Up or Down - January 13, 8:30AM-8:45AM ET",price_change,DOWN,0.27,79,0.31,0.33
2026-01-13 21:31:45,795,"Bitcoin Up or Down - January 13, 8:30AM-8:45AM ET",price_change,DOWN,0.29,158.13,0.29,0.3
2026-01-13 21:31:45,795,"Bitcoin Up or Down - January 13, 8:30AM-8:45AM ET",price_change,UP,0.68,1200.12,0.7,0.71
2026-01-13 21:31:46,794,"Bitcoin Up or Down - January 13, 8:30AM-8:45AM ET",price_change,DOWN,0.24,12,0.28,0.29
2026-01-13 21:31:46,794,"Bitcoin Up or Down - January 13, 8:30AM-8:45AM ET",price_change,UP,0.61,1478.09,0.71,0.72
2026-01-13 21:31:47,793,"Bitcoin Up or Down - January 13, 8:30AM-8:45AM ET",price_change,UP,0.75,59.7,0.75,0.76
2026-01-13 21:31:47,793,"Bitcoin Up or Down - January 13, 8:30AM-8:45AM ET",price_change,DOWN,0.14,572,0.24,0.25
2026-01-13 21:31:48,792,"Bitcoin Up or Down - January 13, 8:30AM-8:45AM ET",price_change,UP,0.72,619,0.76,0.77
2026-01-13 21:31:48,792,"Bitcoin Up or Down - January 13, 8:30AM-8:45AM ET",price_change,DOWN,0.23,354.08,0.23,0.24
2026-01-13 21:31:49,791,"Bitcoin Up or Down - January 13, 8:30AM-8:45AM ET",price_change,UP,0.68,1048.12,0.75,0.76
2026-01-13 21:31:49,791,"Bitcoin Up or Down - January 13, 8:30AM-8:45AM ET",price_change,DOWN,0.24,55,0.24,0.25
2026-01-13 21:31:50,790,"Bitcoin Up or Down - January 13, 8:30AM-8:45AM ET",price_change,UP,0.72,476,0.75,0.76
2026-01-13 21:31:50,790,"Bitcoin Up or Down - January 13, 8:30AM-8:45AM ET",price_change,DOWN,0.17,582,0.24,0.25
2026-01-13 21:31:51,789,"Bitcoin Up or Down - January 13, 8:30AM-8:45AM ET",price_change,UP,0.74,62.5,0.74,0.76
2026-01-13 21:31:51,789,"Bitcoin Up or Down - January 13, 8:30AM-8:45AM ET",price_change,DOWN,0.24,259.05,0.24,0.26
2026-01-13 21:31:52,788,"Bitcoin Up or Down - January 13, 8:30AM-8:45AM ET",price_change,DOWN,0.27,5,0.27,0.28
2026-01-13 21:31:52,788,"Bitcoin Up or Down - January 13, 8:30AM-8:45AM ET",price_change,UP,0.72,156.5,0.72,0.73
2026-01-13 21:31:53,787,"Bitcoin Up or Down - January 13, 8:30AM-8:45AM ET",price_change,UP,0.62,33.24,0.72,0.73
2026-01-13 21:31:53,787,"Bitcoin Up or Down - January 13, 8:30AM-8:45AM ET",price_change,DOWN,0.19,377,0.27,0.28
2026-01-13 21:31:54,786,"Bitcoin Up or Down - January 13, 8:30AM-8:45AM ET",price_change,DOWN,0.09,1001.03,0.24,0.25
2026-01-13 21:31:54,786,"Bitcoin Up or Down - January 13, 8:30AM-8:45AM ET",price_change,UP,0.65,316,0.75,0.76
2026-01-13 21:31:55,785,"Bitcoin Up or Down - January 13, 8:30AM-8:45AM ET",price_change,DOWN,0.24,286,0.24,0.25
2026-01-13 21:31:55,785,"Bitcoin Up or Down - January 13, 8:30AM-8:45AM ET",price_change,UP,0.62,707.64,0.75,0.76
2026-01-13 21:31:56,784,"Bitcoin Up or Down - January 13, 8:30AM-8:45AM ET",price_change,DOWN,0.11,219.92,0.25,0.26
2026-01-13 21:31:56,784,"Bitcoin Up or Down - January 13, 8:30AM-8:45AM ET",price_change,UP,0.67,281,0.74,0.75
2026-01-13 21:31:57,783,"Bitcoin Up or Down - January 13, 8:30AM-8:45AM ET",price_change,UP,0.75,47.34,0.75,0.77
2026-01-13 21:31:57,783,"Bitcoin Up or Down - January 13, 8:30AM-8:45AM ET",price_change,DOWN,0.21,363.84,0.23,0.25
2026-01-13 21:31:58,782,"Bitcoin Up or Down - January 13, 8:30AM-8:45AM ET",price_change,UP,0.74,431.17,0.76,0.77
2026-01-13 21:31:58,782,"Bitcoin Up or Down - January 13, 8:30AM-8:45AM ET",price_change,DOWN,0.23,1135.76,0.23,0.24
2026-01-13 21:31:59,781,"Bitcoin Up or Down - January 13, 8:30AM-8:45AM ET",price_change,DOWN,0.18,633.05,0.23,0.24
2026-01-13 21:31:59,781,"Bitcoin Up or Down - January 13, 8:30AM-8:45AM ET",price_change,UP,0.76,26.7,0.76,0.77
2026-01-13 21:32:00,780,"Bitcoin Up or Down - January 13, 8:30AM-8:45AM ET",price_change,DOWN,0.22,142.5,0.23,0.24
2026-01-13 21:32:00,780,"Bitcoin Up or Down - January 13, 8:30AM-8:45AM ET",price_change,UP,0.75,361.5,0.76,0.77
2026-01-13 21:32:01,779,"Bitcoin Up or Down - January 13, 8:30AM-8:45AM ET",price_change,UP,0.69,667,0.77,0.78
2026-01-13 21:32:01,779,"Bitcoin Up or Down - January 13, 8:30AM-8:45AM ET",price_change,DOWN,0.22,65.27,0.22,0.23
2026-01-13 21:32:02,778,"Bitcoin Up or Down - January 13, 8:30AM-8:45AM ET",price_change,DOWN,0.24,10,0.24,0.25
2026-01-13 21:32:02,778,"Bitcoin Up or Down - January 13, 8:30AM-8:45AM ET",price_change,UP,0.73,412.59,0.75,0.76
2026-01-13 21:32:03,777,"Bitcoin Up or Down - January 13, 8:30AM-8:45AM ET",price_change,UP,0.76,448.57,0.76,0.78
2026-01-13 21:32:03,777,"Bitcoin Up or Down - January 13, 8:30AM-8:45AM ET",price_change,DOWN,0.13,279,0.22,0.24
2026-01-13 21:32:04,776,"Bitcoin Up or Down - January 13, 8:30AM-8:45AM ET",price_change,DOWN,0.2,700.32,0.2,0.22
2026-01-13 21:32:04,776,"Bitcoin Up or Down - January 13, 8:30AM-8:45AM ET",price_change,UP,0.79,5,0.79,0.8
2026-01-13 21:32:05,775,"Bitcoin Up or Down - January 13, 8:30AM-8:45AM ET",price_change,UP,0.78,2056.95,0.78,0.8
2026-01-13 21:32:05,775,"Bitcoin Up or Down - January 13, 8:30AM-8:45AM ET",price_change,DOWN,0.18,35.05,0.2,0.22
2026-01-13 21:32:06,774,"Bitcoin Up or Down - January 13, 8:30AM-8:45AM ET",price_change,UP,0.79,980.33,0.79,0.8
2026-01-13 21:32:06,774,"Bitcoin Up or Down - January 13, 8:30AM-8:45AM ET",price_change,DOWN,0.15,306.15,0.2,0.21
2026-01-13 21:32:07,773,"Bitcoin Up or Down - January 13, 8:30AM-8:45AM ET",price_change,UP,0.8,308.17,0.8,0.81
2026-01-13 21:32:07,773,"Bitcoin Up or Down - January 13, 8:30AM-8:45AM ET",price_change,DOWN,0.19,153.5,0.19,0.2
2026-01-13 21:32:08,772,"Bitcoin Up or Down - January 13, 8:30AM-8:45AM ET",price_change,UP,0.8,28.5,0.8,0.81
2026-01-13 21:32:08,772,"Bitcoin Up or Down - January 13, 8:30AM-8:45AM ET",price_change,DOWN,0.19,335.34,0.19,0.2
2026-01-13 21:32:09,771,"Bitcoin Up or Down - January 13, 8:30AM-8:45AM ET",price_change,UP,0.78,154,0.78,0.81
2026-01-13 21:32:09,771,"Bitcoin Up or Down - January 13, 8:30AM-8:45AM ET",price_change,DOWN,0.19,171.32,0.19,0.22
2026-01-13 21:32:10,770,"Bitcoin Up or Down - January 13, 8:30AM-8:45AM ET",price_change,UP,0.76,314.62,0.76,0.78
2026-01-13 21:32:10,770,"Bitcoin Up or Down - January 13, 8:30AM-8:45AM ET",price_change,DOWN,0.21,53,0.22,0.24
2026-01-13 21:32:11,769,"Bitcoin Up or Down - January 13, 8:30AM-8:45AM ET",price_change,DOWN,0.22,85.85,0.22,0.23
2026-01-13 21:32:11,769,"Bitcoin Up or Down - January 13, 8:30AM-8:45AM ET",price_change,UP,0.77,1125,0.77,0.78
2026-01-13 21:32:12,768,"Bitcoin Up or Down - January 13, 8:30AM-8:45AM ET",price_change,UP,0.8,156.3,0.8,0.81
2026-01-13 21:32:12,768,"Bitcoin Up or Down - January 13, 8:30AM-8:45AM ET",price_change,DOWN,0.2,0,0.19,0.2
2026-01-13 21:32:12,767,"Bitcoin Up or Down - January 13, 8:30AM-8:45AM ET",price_change,DOWN,0.19,260.38,0.19,0.2
2026-01-13 21:32:13,767,"Bitcoin Up or Down - January 13, 8:30AM-8:45AM ET",price_change,DOWN,0.19,255.38,0.19,0.2
2026-01-13 21:32:13,767,"Bitcoin Up or Down - January 13, 8:30AM-8:45AM ET",price_change,UP,0.73,605.78,0.8,0.81
2026-01-13 21:32:14,766,"Bitcoin Up or Down - January 13, 8:30AM-8:45AM ET",price_change,UP,0.8,287.5,0.8,0.81
2026-01-13 21:32:14,766,"Bitcoin Up or Down - January 13, 8:30AM-8:45AM ET",price_change,DOWN,0.19,419.92,0.19,0.2
2026-01-13 21:32:15,765,"Bitcoin Up or Down - January 13, 8:30AM-8:45AM ET",price_change,UP,0.59,20,0.79,0.81
2026-01-13 21:32:15,765,"Bitcoin Up or Down - January 13, 8:30AM-8:45AM ET",price_change,DOWN,0.2,31,0.2,0.21
2026-01-13 21:32:16,764,"Bitcoin Up or Down - January 13, 8:30AM-8:45AM ET",price_change,UP,0.79,12,0.79,0.8
2026-01-13 21:32:16,764,"Bitcoin Up or Down - January 13, 8:30AM-8:45AM ET",price_change,DOWN,0.19,308.73,0.2,0.21
2026-01-13 21:32:17,763,"Bitcoin Up or Down - January 13, 8:30AM-8:45AM ET",price_change,UP,0.79,696.47,0.79,0.8
2026-01-13 21:32:17,763,"Bitcoin Up or Down - January 13, 8:30AM-8:45AM ET",price_change,DOWN,0.17,216.63,0.2,0.21
2026-01-13 21:32:18,762,"Bitcoin Up or Down - January 13, 8:30AM-8:45AM ET",price_change,UP,0.8,146.8,0.8,0.81
2026-01-13 21:32:18,762,"Bitcoin Up or Down - January 13, 8:30AM-8:45AM ET",price_change,DOWN,0.19,178.41,0.19,0.2
2026-01-13 21:32:19,761,"Bitcoin Up or Down - January 13, 8:30AM-8:45AM ET",price_change,DOWN,0.18,47.41,0.18,0.19
2026-01-13 21:32:19,761,"Bitcoin Up or Down - January 13, 8:30AM-8:45AM ET",price_change,UP,0.76,660.01,0.81,0.82
2026-01-13 21:32:20,760,"Bitcoin Up or Down - January 13, 8:30AM-8:45AM ET",price_change,DOWN,0.18,11.5,0.18,0.19
2026-01-13 21:32:20,760,"Bitcoin Up or Down - January 13, 8:30AM-8:45AM ET",price_change,UP,0.76,660.01,0.81,0.82
2026-01-13 21:32:21,759,"Bitcoin Up or Down - January 13, 8:30AM-8:45AM ET",price_change,UP,0.81,1371.26,0.82,0.83
2026-01-13 21:32:21,759,"Bitcoin Up or Down - January 13, 8:30AM-8:45AM ET",price_change,DOWN,0.17,147,0.17,0.18
2026-01-13 21:32:21,758,"Bitcoin Up or Down - January 13, 8:30AM-8:45AM ET",price_change,UP,0.82,324.99,0.82,0.83
2026-01-13 21:32:21,758,"Bitcoin Up or Down - January 13, 8:30AM-8:45AM ET",price_change,DOWN,0.14,379.5,0.17,0.18
2026-01-13 21:32:22,758,"Bitcoin Up or Down - January 13, 8:30AM-8:45AM ET",price_change,DOWN,0.02,4311.74,0.17,0.18
2026-01-13 21:32:22,758,"Bitcoin Up or Down - January 13, 8:30AM-8:45AM ET",price_change,UP,0.82,194.48,0.82,0.83
2026-01-13 21:32:23,757,"Bitcoin Up or Down - January 13, 8:30AM-8:45AM ET",price_change,DOWN,0.17,328.34,0.17,0.18
2026-01-13 21:32:23,757,"Bitcoin Up or Down - January 13, 8:30AM-8:45AM ET",price_change,UP,0.82,8.88,0.82,0.83
2026-01-13 21:32:24,756,"Bitcoin Up or Down - January 13, 8:30AM-8:45AM ET",price_change,UP,0.81,239.95,0.81,0.82
2026-01-13 21:32:24,756,"Bitcoin Up or Down - January 13, 8:30AM-8:45AM ET",price_change,DOWN,0.17,263.5,0.18,0.19
2026-01-13 21:32:25,755,"Bitcoin Up or Down - January 13, 8:30AM-8:45AM ET",price_change,DOWN,0.16,356.19,0.16,0.17
2026-01-13 21:32:25,755,"Bitcoin Up or Down - January 13, 8:30AM-8:45AM ET",price_change,UP,0.83,131,0.83,0.84
2026-01-13 21:32:26,754,"Bitcoin Up or Down - January 13, 8:30AM-8:45AM ET",price_change,DOWN,0.16,210.47,0.16,0.17
2026-01-13 21:32:26,754,"Bitcoin Up or Down - January 13, 8:30AM-8:45AM ET",price_change,UP,0.82,202.5,0.83,0.84
2026-01-13 21:32:27,753,"Bitcoin Up or Down - January 13, 8:30AM-8:45AM ET",price_change,DOWN,0.16,0,0.15,0.17
2026-01-13 21:32:27,753,"Bitcoin Up or Down - January 13, 8:30AM-8:45AM ET",price_change,UP,0.42,24.52,0.83,0.85
2026-01-13 21:32:28,752,"Bitcoin Up or Down - January 13, 8:30AM-8:45AM ET",price_change,UP,0.83,116.92,0.83,0.85
2026-01-13 21:32:28,752,"Bitcoin Up or Down - January 13, 8:30AM-8:45AM ET",price_change,DOWN,0.15,126.15,0.15,0.17
2026-01-13 21:32:29,751,"Bitcoin Up or Down - January 13, 8:30AM-8:45AM ET",price_change,DOWN,0.14,351.5,0.17,0.18
2026-01-13 21:32:29,751,"Bitcoin Up or Down - January 13, 8:30AM-8:45AM ET",price_change,UP,0.82,2586,0.82,0.83
2026-01-13 21:32:30,750,"Bitcoin Up or Down - January 13, 8:30AM-8:45AM ET",price_change,DOWN,0.08,1047,0.14,0.15
2026-01-13 21:32:30,750,"Bitcoin Up or Down - January 13, 8:30AM-8:45AM ET",price_change,UP,0.84,469.5,0.85,0.86
2026-01-13 21:32:31,749,"Bitcoin Up or Down - January 13, 8:30AM-8:45AM ET",price_change,UP,0.85,384,0.85,0.86
2026-01-13 21:32:31,749,"Bitcoin Up or Down - January 13, 8:30AM-8:45AM ET",price_change,DOWN,0.14,50.5,0.14,0.15
2026-01-13 21:32:32,748,"Bitcoin Up or Down - January 13, 8:30AM-8:45AM ET",price_change,DOWN,0.1,962,0.13,0.15
2026-01-13 21:32:32,748,"Bitcoin Up or Down - January 13, 8:30AM-8:45AM ET",price_change,UP,0.85,792.49,0.85,0.86
2026-01-13 21:32:33,747,"Bitcoin Up or Down - January 13, 8:30AM-8:45AM ET",price_change,UP,0.87,332.36,0.87,0.88
2026-01-13 21:32:33,747,"Bitcoin Up or Down - January 13, 8:30AM-8:45AM ET",price_change,DOWN,0.12,482.66,0.12,0.13
2026-01-13 21:32:34,746,"Bitcoin Up or Down - January 13, 8:30AM-8:45AM ET",price_change,UP,0.86,872.85,0.87,0.88
2026-01-13 21:32:34,746,"Bitcoin Up or Down - January 13, 8:30AM-8:45AM ET",price_change,DOWN,0.12,112.8,0.12,0.13
2026-01-13 21:32:35,745,"Bitcoin Up or Down - January 13, 8:30AM-8:45AM ET",price_change,DOWN,0.11,433,0.11,0.13
2026-01-13 21:32:35,745,"Bitcoin Up or Down - January 13, 8:30AM-8:45AM ET",price_change,UP,0.65,1294,0.87,0.89
2026-01-13 21:32:35,744,"Bitcoin Up or Down - January 13, 8:30AM-8:45AM ET",price_change,UP,0.87,4.94,0.87,0.88
2026-01-13 21:32:35,744,"Bitcoin Up or Down - January 13, 8:30AM-8:45AM ET",price_change,DOWN,0.12,139,0.12,0.13
2026-01-13 21:32:36,744,"Bitcoin Up or Down - January 13, 8:30AM-8:45AM ET",price_change,UP,0.87,0.94,0.87,0.88
2026-01-13 21:32:36,744,"Bitcoin Up or Down - January 13, 8:30AM-8:45AM ET",price_change,DOWN,0.09,1004.03,0.12,0.13
2026-01-13 21:32:37,743,"Bitcoin Up or Down - January 13, 8:30AM-8:45AM ET",price_change,UP,0.82,2399.31,0.87,0.88
2026-01-13 21:32:37,743,"Bitcoin Up or Down - January 13, 8:30AM-8:45AM ET",price_change,DOWN,0.12,19,0.12,0.13
2026-01-13 21:32:38,742,"Bitcoin Up or Down - January 13, 8:30AM-8:45AM ET",price_change,UP,0.75,625,0.89,0.9
2026-01-13 21:32:38,742,"Bitcoin Up or Down - January 13, 8:30AM-8:45AM ET",price_change,DOWN,0.09,1115.03,0.1,0.11
2026-01-13 21:32:39,741,"Bitcoin Up or Down - January 13, 8:30AM-8:45AM ET",price_change,DOWN,0.1,518.25,0.11,0.12
2026-01-13 21:32:39,741,"Bitcoin Up or Down - January 13, 8:30AM-8:45AM ET",price_change,UP,0.88,25.66,0.88,0.9
2026-01-13 21:32:40,740,"Bitcoin Up or Down - January 13, 8:30AM-8:45AM ET",price_change,UP,0.78,516.77,0.89,0.9
2026-01-13 21:32:40,740,"Bitcoin Up or Down - January 13, 8:30AM-8:45AM ET",price_change,DOWN,0.1,431.88,0.1,0.11
2026-01-13 21:32:41,739,"Bitcoin Up or Down - January 13, 8:30AM-8:45AM ET",price_change,DOWN,0.12,42.13,0.12,0.13
2026-01-13 21:32:41,739,"Bitcoin Up or Down - January 13, 8:30AM-8:45AM ET",price_change,UP,0.87,1287.09,0.87,0.88
2026-01-13 21:32:42,738,"Bitcoin Up or Down - January 13, 8:30AM-8:45AM ET",price_change,UP,0.6,209.2,0.87,0.88
2026-01-13 21:32:42,738,"Bitcoin Up or Down - January 13, 8:30AM-8:45AM ET",price_change,DOWN,0.1,314.72,0.12,0.13
2026-01-13 21:32:43,737,"Bitcoin Up or Down - January 13, 8:30AM-8:45AM ET",price_change,UP,0.87,1128.48,0.87,0.88
2026-01-13 21:32:43,737,"Bitcoin Up or Down - January 13, 8:30AM-8:45AM ET",price_change,DOWN,0.1,310.72,0.12,0.13
2026-01-13 21:32:44,736,"Bitcoin Up or Down - January 13, 8:30AM-8:45AM ET",price_change,UP,0.87,1640.98,0.87,0.89
2026-01-13 21:32:44,736,"Bitcoin Up or Down - January 13, 8:30AM-8:45AM ET",price_change,DOWN,0.11,155.76,0.11,0.13
2026-01-13 21:32:45,735,"Bitcoin Up or Down - January 13, 8:30AM-8:45AM ET",price_change,UP,0.88,290,0.88,0.89
2026-01-13 21:32:45,735,"Bitcoin Up or Down - January 13, 8:30AM-8:45AM ET",price_change,DOWN,0.1,313.72,0.11,0.12
2026-01-13 21:32:46,734,"Bitcoin Up or Down - January 13, 8:30AM-8:45AM ET",price_change,UP,0.87,1639.48,0.89,0.9
2026-01-13 21:32:46,734,"Bitcoin Up or Down - January 13, 8:30AM-8:45AM ET",price_change,DOWN,0.1,282.22,0.1,0.11
2026-01-13 21:32:47,733,"Bitcoin Up or Down - January 13, 8:30AM-8:45AM ET",price_change,UP,0.75,637.9,0.89,0.9
2026-01-13 21:32:47,733,"Bitcoin Up or Down - January 13, 8:30AM-8:45AM ET",price_change,DOWN,0.1,332.7,0.1,0.11
2026-01-13 21:32:48,732,"Bitcoin Up or Down - January 13, 8:30AM-8:45AM ET",price_change,DOWN,0.11,461.8,0.11,0.12
2026-01-13 21:32:48,732,"Bitcoin Up or Down - January 13, 8:30AM-8:45AM ET",price_change,UP,0.8,733.15,0.88,0.89
2026-01-13 21:32:49,731,"Bitcoin Up or Down - January 13, 8:30AM-8:45AM ET",price_change,DOWN,0.11,555.97,0.11,0.12
2026-01-13 21:32:49,731,"Bitcoin Up or Down - January 13, 8:30AM-8:45AM ET",price_change,UP,0.84,607,0.88,0.89
2026-01-13 21:32:50,730,"Bitcoin Up or Down - January 13, 8:30AM-8:45AM ET",price_change,DOWN,0.11,280.12,0.11,0.12
2026-01-13 21:32:50,730,"Bitcoin Up or Down - January 13, 8:30AM-8:45AM ET",price_change,UP,0.84,585,0.88,0.89
2026-01-13 21:32:51,729,"Bitcoin Up or Down - January 13, 8:30AM-8:45AM ET",price_change,UP,0.88,22.73,0.88,0.89
2026-01-13 21:32:51,729,"Bitcoin Up or Down - January 13, 8:30AM-8:45AM ET",price_change,DOWN,0.12,34.59,0.12,0.13
2026-01-13 21:32:52,728,"Bitcoin Up or Down - January 13, 8:30AM-8:45AM ET",price_change,UP,0.88,24.91,0.88,0.89
2026-01-13 21:32:52,728,"Bitcoin Up or Down - January 13, 8:30AM-8:45AM ET",price_change,DOWN,0.12,25.09,0.12,0.13
2026-01-13 21:32:53,727,"Bitcoin Up or Down - January 13, 8:30AM-8:45AM ET",price_change,DOWN,0.11,53.11,0.11,0.12
2026-01-13 21:32:53,727,"Bitcoin Up or Down - January 13, 8:30AM-8:45AM ET",price_change,UP,0.87,2000.46,0.88,0.89
2026-01-13 21:32:54,726,"Bitcoin Up or Down - January 13, 8:30AM-8:45AM ET",price_change,UP,0.88,1072.34,0.88,0.89
2026-01-13 21:32:54,726,"Bitcoin Up or Down - January 13, 8:30AM-8:45AM ET",price_change,DOWN,0.11,38.58,0.11,0.12
2026-01-13 21:32:55,725,"Bitcoin Up or Down - January 13, 8:30AM-8:45AM ET",price_change,UP,0.85,1709.99,0.88,0.89
2026-01-13 21:32:55,725,"Bitcoin Up or Down - January 13, 8:30AM-8:45AM ET",price_change,DOWN,0.11,65.72,0.11,0.12
2026-01-13 21:32:56,724,"Bitcoin Up or Down - January 13, 8:30AM-8:45AM ET",price_change,DOWN,0.08,1169.7,0.1,0.12
2026-01-13 21:32:56,724,"Bitcoin Up or Down - January 13, 8:30AM-8:45AM ET",price_change,UP,0.85,1435,0.88,0.9
2026-01-13 21:32:57,723,"Bitcoin Up or Down - January 13, 8:30AM-8:45AM ET",price_change,DOWN,0.08,1171.7,0.1,0.11
2026-01-13 21:32:57,723,"Bitcoin Up or Down - January 13, 8:30AM-8:45AM ET",price_change,UP,0.89,904.5,0.89,0.9
2026-01-13 21:32:58,722,"Bitcoin Up or Down - January 13, 8:30AM-8:45AM ET",price_change,DOWN,0.09,1004.54,0.1,0.11
2026-01-13 21:32:58,722,"Bitcoin Up or Down - January 13, 8:30AM-8:45AM ET",price_change,UP,0.88,1125.58,0.89,0.9
2026-01-13 21:32:59,721,"Bitcoin Up or Down - January 13, 8:30AM-8:45AM ET",price_change,DOWN,0.1,1193.76,0.1,0.11
2026-01-13 21:32:59,721,"Bitcoin Up or Down - January 13, 8:30AM-8:45AM ET",price_change,UP,0.85,1746,0.89,0.9
2026-01-13 21:33:00,720,"Bitcoin Up or Down - January 13, 8:30AM-8:45AM ET",price_change,UP,0.87,1549.46,0.89,0.9
2026-01-13 21:33:00,720,"Bitcoin Up or Down - January 13, 8:30AM-8:45AM ET",price_change,DOWN,0.09,906.28,0.1,0.11
2026-01-13 21:33:01,719,"Bitcoin Up or Down - January 13, 8:30AM-8:45AM ET",price_change,DOWN,0.1,1032.44,0.1,0.11
2026-01-13 21:33:01,719,"Bitcoin Up or Down - January 13, 8:30AM-8:45AM ET",price_change,UP,0.82,401.98,0.89,0.9
2026-01-13 21:33:02,718,"Bitcoin Up or Down - January 13, 8:30AM-8:45AM ET",price_change,UP,0.89,491.76,0.89,0.9
2026-01-13 21:33:02,718,"Bitcoin Up or Down - January 13, 8:30AM-8:45AM ET",price_change,DOWN,0.1,800.37,0.1,0.11
2026-01-13 21:33:03,717,"Bitcoin Up or Down - January 13, 8:30AM-8:45AM ET",price_change,UP,0.8,412.15,0.89,0.9
2026-01-13 21:33:03,717,"Bitcoin Up or Down - January 13, 8:30AM-8:45AM ET",price_change,DOWN,0.1,478.23,0.1,0.11
2026-01-13 21:33:04,716,"Bitcoin Up or Down - January 13, 8:30AM-8:45AM ET",price_change,DOWN,0.05,1609.18,0.1,0.11
2026-01-13 21:33:04,716,"Bitcoin Up or Down - January 13, 8:30AM-8:45AM ET",price_change,UP,0.87,1646.93,0.89,0.9
2026-01-13 21:33:05,715,"Bitcoin Up or Down - January 13, 8:30AM-8:45AM ET",price_change,DOWN,0.09,887.28,0.1,0.11
2026-01-13 21:33:05,715,"Bitcoin Up or Down - January 13, 8:30AM-8:45AM ET",price_change,UP,0.89,981.45,0.89,0.9
2026-01-13 21:33:06,714,"Bitcoin Up or Down - January 13, 8:30AM-8:45AM ET",price_change,UP,0.89,965.95,0.89,0.9
2026-01-13 21:33:06,714,"Bitcoin Up or Down - January 13, 8:30AM-8:45AM ET",price_change,DOWN,0.09,847.54,0.1,0.11
2026-01-13 21:33:07,713,"Bitcoin Up or Down - January 13, 8:30AM-8:45AM ET",price_change,UP,0.89,852.03,0.89,0.9
2026-01-13 21:33:07,713,"Bitcoin Up or Down - January 13, 8:30AM-8:45AM ET",price_change,DOWN,0.08,1174.97,0.1,0.11
2026-01-13 21:33:08,712,"Bitcoin Up or Down - January 13, 8:30AM-8:45AM ET",price_change,DOWN,0.08,1141.2,0.1,0.11
2026-01-13 21:33:08,712,"Bitcoin Up or Down - January 13, 8:30AM-8:45AM ET",price_change,UP,0.89,819.99,0.89,0.9
2026-01-13 21:33:09,711,"Bitcoin Up or Down - January 13, 8:30AM-8:45AM ET",price_change,UP,0.89,715.37,0.89,0.9
2026-01-13 21:33:09,711,"Bitcoin Up or Down - January 13, 8:30AM-8:45AM ET",price_change,DOWN,0.09,1033.04,0.1,0.11
2026-01-13 21:33:10,710,"Bitcoin Up or Down - January 13, 8:30AM-8:45AM ET",price_change,DOWN,0.1,255,0.1,0.11
2026-01-13 21:33:10,710,"Bitcoin Up or Down - January 13, 8:30AM-8:45AM ET",price_change,UP,0.89,603.32,0.89,0.9
2026-01-13 21:33:11,709,"Bitcoin Up or Down - January 13, 8:30AM-8:45AM ET",price_change,UP,0.86,2873.78,0.89,0.9
2026-01-13 21:33:11,709,"Bitcoin Up or Down - January 13, 8:30AM-8:45AM ET",price_change,DOWN,0.09,1023.81,0.1,0.11
2026-01-13 21:33:12,708,"Bitcoin Up or Down - January 13, 8:30AM-8:45AM ET",price_change,UP,0.87,1434.3,0.89,0.9
2026-01-13 21:33:12,708,"Bitcoin Up or Down - January 13, 8:30AM-8:45AM ET",price_change,DOWN,0.08,1123.2,0.1,0.11
2026-01-13 21:33:13,707,"Bitcoin Up or Down - January 13, 8:30AM-8:45AM ET",price_change,DOWN,0.08,880.7,0.09,0.11
2026-01-13 21:33:13,707,"Bitcoin Up or Down - January 13, 8:30AM-8:45AM ET",price_change,UP,0.01,8309.41,0.89,0.91
2026-01-13 21:33:14,706,"Bitcoin Up or Down - January 13, 8:30AM-8:45AM ET",price_change,DOWN,0.08,995.7,0.09,0.1
2026-01-13 21:33:14,706,"Bitcoin Up or Down - January 13, 8:30AM-8:45AM ET",price_change,UP,0.9,15.5,0.9,0.91
2026-01-13 21:33:15,705,"Bitcoin Up or Down - January 13, 8:30AM-8:45AM ET",price_change,UP,0.89,1187.71,0.9,0.91
2026-01-13 21:33:15,705,"Bitcoin Up or Down - January 13, 8:30AM-8:45AM ET",price_change,DOWN,0.09,11.01,0.09,0.1
2026-01-13 21:33:16,704,"Bitcoin Up or Down - January 13, 8:30AM-8:45AM ET",price_change,DOWN,0.08,1074.46,0.08,0.09
2026-01-13 21:33:16,704,"Bitcoin Up or Down - January 13, 8:30AM-8:45AM ET",price_change,UP,0.63,1034.6,0.91,0.92
2026-01-13 21:33:17,703,"Bitcoin Up or Down - January 13, 8:30AM-8:45AM ET",price_change,UP,0.89,2593.4,0.9,0.91
2026-01-13 21:33:17,703,"Bitcoin Up or Down - January 13, 8:30AM-8:45AM ET",price_change,DOWN,0.08,354.46,0.09,0.1
2026-01-13 21:33:18,702,"Bitcoin Up or Down - January 13, 8:30AM-8:45AM ET",price_change,DOWN,0.09,54.57,0.09,0.1
2026-01-13 21:33:18,702,"Bitcoin Up or Down - January 13, 8:30AM-8:45AM ET",price_change,UP,0.89,2312.76,0.9,0.91
2026-01-13 21:33:19,701,"Bitcoin Up or Down - January 13, 8:30AM-8:45AM ET",price_change,UP,0.9,1352.1,0.9,0.91
2026-01-13 21:33:19,701,"Bitcoin Up or Down - January 13, 8:30AM-8:45AM ET",price_change,DOWN,0.09,270.4,0.09,0.1
2026-01-13 21:33:20,700,"Bitcoin Up or Down - January 13, 8:30AM-8:45AM ET",price_change,DOWN,0.08,470.96,0.09,0.1
2026-01-13 21:33:20,700,"Bitcoin Up or Down - January 13, 8:30AM-8:45AM ET",price_change,UP,0.89,1575.26,0.9,0.91
2026-01-13 21:33:21,699,"Bitcoin Up or Down - January 13, 8:30AM-8:45AM ET",price_change,DOWN,0.09,272.52,0.09,0.1
2026-01-13 21:33:21,699,"Bitcoin Up or Down - January 13, 8:30AM-8:45AM ET",price_change,UP,0.71,287.3,0.9,0.91
2026-01-13 21:33:22,698,"Bitcoin Up or Down - January 13, 8:30AM-8:45AM ET",price_change,UP,0.89,691.92,0.89,0.9
2026-01-13 21:33:22,698,"Bitcoin Up or Down - January 13, 8:30AM-8:45AM ET",price_change,DOWN,0.1,5.93,0.1,0.11
2026-01-13 21:33:23,697,"Bitcoin Up or Down - January 13, 8:30AM-8:45AM ET",price_change,DOWN,0.08,1535.96,0.1,0.11
2026-01-13 21:33:23,697,"Bitcoin Up or Down - January 13, 8:30AM-8:45AM ET",price_change,UP,0.86,3589.78,0.89,0.9
2026-01-13 21:33:24,696,"Bitcoin Up or Down - January 13, 8:30AM-8:45AM ET",price_change,UP,0.75,1121,0.87,0.89
2026-01-13 21:33:24,696,"Bitcoin Up or Down - January 13, 8:30AM-8:45AM ET",price_change,DOWN,0.11,2274.81,0.11,0.13
2026-01-13 21:33:25,695,"Bitcoin Up or Down - January 13, 8:30AM-8:45AM ET",price_change,DOWN,0.12,1307.53,0.12,0.13
2026-01-13 21:33:25,695,"Bitcoin Up or Down - January 13, 8:30AM-8:45AM ET",price_change,UP,0.86,74.9,0.87,0.88
2026-01-13 21:33:26,694,"Bitcoin Up or Down - January 13, 8:30AM-8:45AM ET",price_change,DOWN,0.08,4716.92,0.13,0.14
2026-01-13 21:33:26,694,"Bitcoin Up or Down - January 13, 8:30AM-8:45AM ET",price_change,UP,0.56,884.3,0.86,0.87
2026-01-13 21:33:27,693,"Bitcoin Up or Down - January 13, 8:30AM-8:45AM ET",price_change,UP,0.83,171,0.84,0.85
2026-01-13 21:33:27,693,"Bitcoin Up or Down - January 13, 8:30AM-8:45AM ET",price_change,DOWN,0.11,1216.78,0.15,0.16
2026-01-13 21:33:28,692,"Bitcoin Up or Down - January 13, 8:30AM-8:45AM ET",price_change,UP,0.83,284.5,0.84,0.85
2026-01-13 21:33:28,692,"Bitcoin Up or Down - January 13, 8:30AM-8:45AM ET",price_change,DOWN,0.15,389.38,0.15,0.16
2026-01-13 21:33:29,691,"Bitcoin Up or Down - January 13, 8:30AM-8:45AM ET",price_change,UP,0.83,235.5,0.83,0.84
2026-01-13 21:33:29,691,"Bitcoin Up or Down - January 13, 8:30AM-8:45AM ET",price_change,DOWN,0.15,90.19,0.16,0.17
2026-01-13 21:33:30,690,"Bitcoin Up or Down - January 13, 8:30AM-8:45AM ET",price_change,DOWN,0.15,120.24,0.15,0.16
2026-01-13 21:33:30,690,"Bitcoin Up or Down - January 13, 8:30AM-8:45AM ET",price_change,UP,0.82,1289.98,0.84,0.85
2026-01-13 21:33:31,689,"Bitcoin Up or Down - January 13, 8:30AM-8:45AM ET",price_change,UP,0.84,378,0.84,0.85
2026-01-13 21:33:31,689,"Bitcoin Up or Down - January 13, 8:30AM-8:45AM ET",price_change,DOWN,0.11,1130.37,0.15,0.16
2026-01-13 21:33:31,688,"Bitcoin Up or Down - January 13, 8:30AM-8:45AM ET",price_change,UP,0.82,207.48,0.84,0.85
2026-01-13 21:33:32,688,"Bitcoin Up or Down - January 13, 8:30AM-8:45AM ET",price_change,UP,0.77,775,0.84,0.85
2026-01-13 21:33:32,688,"Bitcoin Up or Down - January 13, 8:30AM-8:45AM ET",price_change,DOWN,0.15,1173.9,0.15,0.16
2026-01-13 21:33:33,687,"Bitcoin Up or Down - January 13, 8:30AM-8:45AM ET",price_change,DOWN,0.14,1290.44,0.15,0.16
2026-01-13 21:33:33,687,"Bitcoin Up or Down - January 13, 8:30AM-8:45AM ET",price_change,UP,0.77,799,0.84,0.85
2026-01-13 21:33:34,686,"Bitcoin Up or Down - January 13, 8:30AM-8:45AM ET",price_change,DOWN,0.13,1200.5,0.15,0.16
2026-01-13 21:33:34,686,"Bitcoin Up or Down - January 13, 8:30AM-8:45AM ET",price_change,UP,0.08,5040.7,0.84,0.85
2026-01-13 21:33:35,685,"Bitcoin Up or Down - January 13, 8:30AM-8:45AM ET",price_change,DOWN,0.15,798.1,0.15,0.16
2026-01-13 21:33:35,685,"Bitcoin Up or Down - January 13, 8:30AM-8:45AM ET",price_change,UP,0.84,139.33,0.84,0.85
2026-01-13 21:33:36,684,"Bitcoin Up or Down - January 13, 8:30AM-8:45AM ET",price_change,UP,0.78,1436.77,0.84,0.85
2026-01-13 21:33:36,684,"Bitcoin Up or Down - January 13, 8:30AM-8:45AM ET",price_change,DOWN,0.1,1601.8,0.15,0.16
2026-01-13 21:33:37,683,"Bitcoin Up or Down - January 13, 8:30AM-8:45AM ET",price_change,UP,0.84,280.71,0.84,0.85
2026-01-13 21:33:37,683,"Bitcoin Up or Down - January 13, 8:30AM-8:45AM ET",price_change,DOWN,0.15,128.47,0.15,0.16
2026-01-13 21:33:38,682,"Bitcoin Up or Down - January 13, 8:30AM-8:45AM ET",price_change,UP,0.8,1541.58,0.84,0.85
2026-01-13 21:33:38,682,"Bitcoin Up or Down - January 13, 8:30AM-8:45AM ET",price_change,DOWN,0.15,884.15,0.15,0.16
2026-01-13 21:33:39,681,"Bitcoin Up or Down - January 13, 8:30AM-8:45AM ET",price_change,UP,0.72,1039.25,0.85,0.86
2026-01-13 21:33:39,681,"Bitcoin Up or Down - January 13, 8:30AM-8:45AM ET",price_change,DOWN,0.12,884,0.14,0.15
2026-01-13 21:33:40,680,"Bitcoin Up or Down - January 13, 8:30AM-8:45AM ET",price_change,DOWN,0.09,1377.92,0.14,0.15
2026-01-13 21:33:40,680,"Bitcoin Up or Down - January 13, 8:30AM-8:45AM ET",price_change,UP,0.83,1062,0.85,0.86
2026-01-13 21:33:41,679,"Bitcoin Up or Down - January 13, 8:30AM-8:45AM ET",price_change,DOWN,0.14,47,0.14,0.15
2026-01-13 21:33:41,679,"Bitcoin Up or Down - January 13, 8:30AM-8:45AM ET",price_change,UP,0.8,1688.58,0.85,0.86
2026-01-13 21:33:42,678,"Bitcoin Up or Down - January 13, 8:30AM-8:45AM ET",price_change,UP,0.81,1382.5,0.85,0.87
2026-01-13 21:33:42,678,"Bitcoin Up or Down - January 13, 8:30AM-8:45AM ET",price_change,DOWN,0.13,1137,0.13,0.15
2026-01-13 21:33:43,677,"Bitcoin Up or Down - January 13, 8:30AM-8:45AM ET",price_change,DOWN,0.13,335,0.13,0.14
2026-01-13 21:33:43,677,"Bitcoin Up or Down - January 13, 8:30AM-8:45AM ET",price_change,UP,0.84,1570,0.86,0.87
2026-01-13 21:33:44,676,"Bitcoin Up or Down - January 13, 8:30AM-8:45AM ET",price_change,UP,0.8,1666.58,0.85,0.86
2026-01-13 21:33:44,676,"Bitcoin Up or Down - January 13, 8:30AM-8:45AM ET",price_change,DOWN,0.14,106,0.14,0.15
2026-01-13 21:33:45,675,"Bitcoin Up or Down - January 13, 8:30AM-8:45AM ET",price_change,UP,0.84,390.14,0.84,0.85
2026-01-13 21:33:45,675,"Bitcoin Up or Down - January 13, 8:30AM-8:45AM ET",price_change,DOWN,0.13,2910.5,0.15,0.16
2026-01-13 21:33:46,674,"Bitcoin Up or Down - January 13, 8:30AM-8:45AM ET",price_change,DOWN,0.15,31.5,0.15,0.16
2026-01-13 21:33:46,674,"Bitcoin Up or Down - January 13, 8:30AM-8:45AM ET",price_change,UP,0.54,20.2,0.84,0.85
2026-01-13 21:33:47,673,"Bitcoin Up or Down - January 13, 8:30AM-8:45AM ET",price_change,UP,0.76,1421.57,0.85,0.86
2026-01-13 21:33:47,673,"Bitcoin Up or Down - January 13, 8:30AM-8:45AM ET",price_change,DOWN,0.13,2998,0.14,0.15
2026-01-13 21:33:48,672,"Bitcoin Up or Down - January 13, 8:30AM-8:45AM ET",price_change,UP,0.84,337.2,0.84,0.85
2026-01-13 21:33:48,672,"Bitcoin Up or Down - January 13, 8:30AM-8:45AM ET",price_change,DOWN,0.15,0,0.14,0.16
2026-01-13 21:33:49,671,"Bitcoin Up or Down - January 13, 8:30AM-8:45AM ET",price_change,UP,0.82,135.48,0.82,0.85
2026-01-13 21:33:49,671,"Bitcoin Up or Down - January 13, 8:30AM-8:45AM ET",price_change,DOWN,0.12,1085,0.15,0.18
2026-01-13 21:33:50,670,"Bitcoin Up or Down - January 13, 8:30AM-8:45AM ET",price_change,DOWN,0.16,120.62,0.16,0.17
2026-01-13 21:33:50,670,"Bitcoin Up or Down - January 13, 8:30AM-8:45AM ET",price_change,UP,0.82,1223.48,0.83,0.84
2026-01-13 21:33:51,669,"Bitcoin Up or Down - January 13, 8:30AM-8:45AM ET",price_change,DOWN,0.16,63.04,0.16,0.17
2026-01-13 21:33:51,669,"Bitcoin Up or Down - January 13, 8:30AM-8:45AM ET",price_change,UP,0.83,116.59,0.83,0.84
2026-01-13 21:33:52,668,"Bitcoin Up or Down - January 13, 8:30AM-8:45AM ET",price_change,UP,0.81,1473.67,0.83,0.84
2026-01-13 21:33:52,668,"Bitcoin Up or Down - January 13, 8:30AM-8:45AM ET",price_change,DOWN,0.11,1377.32,0.16,0.17
2026-01-13 21:33:53,667,"Bitcoin Up or Down - January 13, 8:30AM-8:45AM ET",price_change,DOWN,0.16,854.97,0.16,0.17
2026-01-13 21:33:53,667,"Bitcoin Up or Down - January 13, 8:30AM-8:45AM ET",price_change,UP,0.83,84.9,0.83,0.84
2026-01-13 21:33:54,666,"Bitcoin Up or Down - January 13, 8:30AM-8:45AM ET",price_change,UP,0.79,1171.25,0.82,0.83
2026-01-13 21:33:54,666,"Bitcoin Up or Down - January 13, 8:30AM-8:45AM ET",price_change,DOWN,0.17,124.49,0.17,0.18
2026-01-13 21:33:55,665,"Bitcoin Up or Down - January 13, 8:30AM-8:45AM ET",price_change,UP,0.79,36.66,0.79,0.83
2026-01-13 21:33:55,665,"Bitcoin Up or Down - January 13, 8:30AM-8:45AM ET",price_change,DOWN,0.11,1439.24,0.17,0.21
2026-01-13 21:33:56,664,"Bitcoin Up or Down - January 13, 8:30AM-8:45AM ET",price_change,UP,0.72,337.81,0.72,0.83
2026-01-13 21:33:56,664,"Bitcoin Up or Down - January 13, 8:30AM-8:45AM ET",price_change,DOWN,0.2,15,0.2,0.28
2026-01-13 21:33:57,663,"Bitcoin Up or Down - January 13, 8:30AM-8:45AM ET",price_change,UP,0.67,44.54,0.67,0.72
2026-01-13 21:33:57,663,"Bitcoin Up or Down - January 13, 8:30AM-8:45AM ET",price_change,DOWN,0.17,1650.23,0.28,0.33
2026-01-13 21:33:58,662,"Bitcoin Up or Down - January 13, 8:30AM-8:45AM ET",price_change,UP,0.69,299.5,0.69,0.71
2026-01-13 21:33:58,662,"Bitcoin Up or Down - January 13, 8:30AM-8:45AM ET",price_change,DOWN,0.18,1312,0.29,0.31
2026-01-13 21:33:59,661,"Bitcoin Up or Down - January 13, 8:30AM-8:45AM ET",price_change,DOWN,0.31,208.49,0.31,0.35
2026-01-13 21:33:59,661,"Bitcoin Up or Down - January 13, 8:30AM-8:45AM ET",price_change,UP,0.51,1026,0.65,0.69
2026-01-13 21:34:00,660,"Bitcoin Up or Down - January 13, 8:30AM-8:45AM ET",price_change,UP,0.63,20.38,0.63,0.67
2026-01-13 21:34:00,660,"Bitcoin Up or Down - January 13, 8:30AM-8:45AM ET",price_change,DOWN,0.17,1596.69,0.33,0.37
2026-01-13 21:34:01,659,"Bitcoin Up or Down - January 13, 8:30AM-8:45AM ET",price_change,UP,0.63,84.4,0.63,0.67
2026-01-13 21:34:01,659,"Bitcoin Up or Down - January 13, 8:30AM-8:45AM ET",price_change,DOWN,0.34,251,0.34,0.42
2026-01-13 21:34:02,658,"Bitcoin Up or Down - January 13, 8:30AM-8:45AM ET",price_change,UP,0.54,205.33,0.54,0.66
2026-01-13 21:34:02,658,"Bitcoin Up or Down - January 13, 8:30AM-8:45AM ET",price_change,DOWN,0.4,301,0.4,0.46
2026-01-13 21:34:03,657,"Bitcoin Up or Down - January 13, 8:30AM-8:45AM ET",price_change,UP,0.53,503.76,0.53,0.57
2026-01-13 21:34:03,657,"Bitcoin Up or Down - January 13, 8:30AM-8:45AM ET",price_change,DOWN,0.36,301,0.43,0.47
2026-01-13 21:34:04,656,"Bitcoin Up or Down - January 13, 8:30AM-8:45AM ET",price_change,DOWN,0.37,138.56,0.37,0.39
2026-01-13 21:34:04,656,"Bitcoin Up or Down - January 13, 8:30AM-8:45AM ET",price_change,UP,0.61,13.27,0.61,0.63
2026-01-13 21:34:05,655,"Bitcoin Up or Down - January 13, 8:30AM-8:45AM ET",price_change,DOWN,0.36,56.75,0.36,0.4
2026-01-13 21:34:05,655,"Bitcoin Up or Down - January 13, 8:30AM-8:45AM ET",price_change,UP,0.49,311.38,0.6,0.65
2026-01-13 21:34:06,654,"Bitcoin Up or Down - January 13, 8:30AM-8:45AM ET",price_change,DOWN,0.33,395.48,0.33,0.4
2026-01-13 21:34:06,654,"Bitcoin Up or Down - January 13, 8:30AM-8:45AM ET",price_change,UP,0.6,45.28,0.6,0.67
2026-01-13 21:34:07,653,"Bitcoin Up or Down - January 13, 8:30AM-8:45AM ET",price_change,DOWN,0.3,570.56,0.3,0.4
2026-01-13 21:34:07,653,"Bitcoin Up or Down - January 13, 8:30AM-8:45AM ET",price_change,UP,0.59,50.36,0.59,0.7
2026-01-13 21:34:08,652,"Bitcoin Up or Down - January 13, 8:30AM-8:45AM ET",price_change,DOWN,0.34,493.45,0.34,0.35
2026-01-13 21:34:08,652,"Bitcoin Up or Down - January 13, 8:30AM-8:45AM ET",price_change,UP,0.64,110,0.65,0.66
2026-01-13 21:34:09,651,"Bitcoin Up or Down - January 13, 8:30AM-8:45AM ET",price_change,DOWN,0.3,578.95,0.33,0.39
2026-01-13 21:34:09,651,"Bitcoin Up or Down - January 13, 8:30AM-8:45AM ET",price_change,UP,0.61,131.5,0.61,0.67
2026-01-13 21:34:10,650,"Bitcoin Up or Down - January 13, 8:30AM-8:45AM ET",price_change,DOWN,0.35,96.21,0.35,0.37
2026-01-13 21:34:10,650,"Bitcoin Up or Down - January 13, 8:30AM-8:45AM ET",price_change,UP,0.63,1449.84,0.63,0.66
2026-01-13 21:34:11,649,"Bitcoin Up or Down - January 13, 8:30AM-8:45AM ET",price_change,DOWN,0.36,4.12,0.36,0.37
2026-01-13 21:34:11,649,"Bitcoin Up or Down - January 13, 8:30AM-8:45AM ET",price_change,UP,0.56,256,0.63,0.64
2026-01-13 21:34:12,648,"Bitcoin Up or Down - January 13, 8:30AM-8:45AM ET",price_change,DOWN,0.33,363.28,0.33,0.35
2026-01-13 21:34:12,648,"Bitcoin Up or Down - January 13, 8:30AM-8:45AM ET",price_change,UP,0.47,676.62,0.65,0.67
2026-01-13 21:34:13,647,"Bitcoin Up or Down - January 13, 8:30AM-8:45AM ET",price_change,DOWN,0.33,198.9,0.33,0.35
2026-01-13 21:34:13,647,"Bitcoin Up or Down - January 13, 8:30AM-8:45AM ET",price_change,UP,0.59,1057,0.65,0.67
2026-01-13 21:34:14,646,"Bitcoin Up or Down - January 13, 8:30AM-8:45AM ET",price_change,UP,0.65,530.22,0.65,0.66
2026-01-13 21:34:14,646,"Bitcoin Up or Down - January 13, 8:30AM-8:45AM ET",price_change,DOWN,0.16,2146.45,0.34,0.35
2026-01-13 21:34:15,645,"Bitcoin Up or Down - January 13, 8:30AM-8:45AM ET",price_change,UP,0.65,337.15,0.65,0.66
2026-01-13 21:34:15,645,"Bitcoin Up or Down - January 13, 8:30AM-8:45AM ET",price_change,DOWN,0.08,1715.5,0.34,0.35
2026-01-13 21:34:16,644,"Bitcoin Up or Down - January 13, 8:30AM-8:45AM ET",price_change,DOWN,0.34,116.05,0.34,0.35
2026-01-13 21:34:16,644,"Bitcoin Up or Down - January 13, 8:30AM-8:45AM ET",price_change,UP,0.54,533.12,0.65,0.66
2026-01-13 21:34:17,643,"Bitcoin Up or Down - January 13, 8:30AM-8:45AM ET",price_change,UP,0.64,251.49,0.64,0.67
2026-01-13 21:34:17,643,"Bitcoin Up or Down - January 13, 8:30AM-8:45AM ET",price_change,DOWN,0.31,401,0.33,0.36
2026-01-13 21:34:18,642,"Bitcoin Up or Down - January 13, 8:30AM-8:45AM ET",price_change,DOWN,0.33,603.42,0.33,0.36
2026-01-13 21:34:18,642,"Bitcoin Up or Down - January 13, 8:30AM-8:45AM ET",price_change,UP,0.64,36.96,0.64,0.67
2026-01-13 21:34:19,641,"Bitcoin Up or Down - January 13, 8:30AM-8:45AM ET",price_change,UP,0.67,0.81,0.67,0.68
2026-01-13 21:34:19,641,"Bitcoin Up or Down - January 13, 8:30AM-8:45AM ET",price_change,DOWN,0.33,24,0.33,0.35
2026-01-13 21:34:20,640,"Bitcoin Up or Down - January 13, 8:30AM-8:45AM ET",price_change,UP,0.63,192.39,0.63,0.65
2026-01-13 21:34:20,640,"Bitcoin Up or Down - January 13, 8:30AM-8:45AM ET",price_change,DOWN,0.31,325.5,0.35,0.37
2026-01-13 21:34:21,639,"Bitcoin Up or Down - January 13, 8:30AM-8:45AM ET",price_change,DOWN,0.34,109.34,0.34,0.36
2026-01-13 21:34:21,639,"Bitcoin Up or Down - January 13, 8:30AM-8:45AM ET",price_change,UP,0.64,377.92,0.64,0.65
2026-01-13 21:34:22,638,"Bitcoin Up or Down - January 13, 8:30AM-8:45AM ET",price_change,DOWN,0.34,295.44,0.34,0.35
2026-01-13 21:34:22,638,"Bitcoin Up or Down - January 13, 8:30AM-8:45AM ET",price_change,UP,0.6,617.96,0.65,0.66
2026-01-13 21:34:23,637,"Bitcoin Up or Down - January 13, 8:30AM-8:45AM ET",price_change,DOWN,0.19,803.32,0.33,0.34
2026-01-13 21:34:23,637,"Bitcoin Up or Down - January 13, 8:30AM-8:45AM ET",price_change,UP,0.64,283.64,0.66,0.67
2026-01-13 21:34:24,636,"Bitcoin Up or Down - January 13, 8:30AM-8:45AM ET",price_change,UP,0.59,1476.6,0.66,0.67
2026-01-13 21:34:24,636,"Bitcoin Up or Down - January 13, 8:30AM-8:45AM ET",price_change,DOWN,0.17,736.69,0.33,0.34
2026-01-13 21:34:25,635,"Bitcoin Up or Down - January 13, 8:30AM-8:45AM ET",price_change,UP,0.65,20.6,0.65,0.66
2026-01-13 21:34:25,635,"Bitcoin Up or Down - January 13, 8:30AM-8:45AM ET",price_change,DOWN,0.31,1021,0.34,0.35
2026-01-13 21:34:25,634,"Bitcoin Up or Down - January 13, 8:30AM-8:45AM ET",price_change,UP,0.58,319,0.66,0.67
2026-01-13 21:34:25,634,"Bitcoin Up or Down - January 13, 8:30AM-8:45AM ET",price_change,DOWN,0.04,3867.01,0.33,0.34
2026-01-13 21:34:26,634,"Bitcoin Up or Down - January 13, 8:30AM-8:45AM ET",price_change,UP,0.64,549.41,0.66,0.67
2026-01-13 21:34:26,634,"Bitcoin Up or Down - January 13, 8:30AM-8:45AM ET",price_change,DOWN,0.23,1148.3,0.33,0.34
2026-01-13 21:34:27,633,"Bitcoin Up or Down - January 13, 8:30AM-8:45AM ET",price_change,UP,0.65,277,0.66,0.67
2026-01-13 21:34:27,633,"Bitcoin Up or Down - January 13, 8:30AM-8:45AM ET",price_change,DOWN,0.3,1264.22,0.33,0.34
2026-01-13 21:34:28,632,"Bitcoin Up or Down - January 13, 8:30AM-8:45AM ET",price_change,UP,0.47,481.62,0.65,0.66
2026-01-13 21:34:28,632,"Bitcoin Up or Down - January 13, 8:30AM-8:45AM ET",price_change,DOWN,0.32,997.09,0.34,0.35
2026-01-13 21:34:29,631,"Bitcoin Up or Down - January 13, 8:30AM-8:45AM ET",price_change,UP,0.65,287.07,0.65,0.66
2026-01-13 21:34:29,631,"Bitcoin Up or Down - January 13, 8:30AM-8:45AM ET",price_change,DOWN,0.34,282.7,0.34,0.35
2026-01-13 21:34:30,630,"Bitcoin Up or Down - January 13, 8:30AM-8:45AM ET",price_change,DOWN,0.33,53.31,0.33,0.35
2026-01-13 21:34:30,630,"Bitcoin Up or Down - January 13, 8:30AM-8:45AM ET",price_change,UP,0.6,1382.96,0.65,0.66
2026-01-13 21:34:31,629,"Bitcoin Up or Down - January 13, 8:30AM-8:45AM ET",price_change,UP,0.64,303.92,0.64,0.66
2026-01-13 21:34:31,629,"Bitcoin Up or Down - January 13, 8:30AM-8:45AM ET",price_change,DOWN,0.3,1540.42,0.34,0.36
2026-01-13 21:34:32,628,"Bitcoin Up or Down - January 13, 8:30AM-8:45AM ET",price_change,UP,0.61,571.98,0.61,0.63
2026-01-13 21:34:32,628,"Bitcoin Up or Down - January 13, 8:30AM-8:45AM ET",price_change,DOWN,0.33,1322.36,0.37,0.39
2026-01-13 21:34:32,627,"Bitcoin Up or Down - January 13, 8:30AM-8:45AM ET",price_change,DOWN,0.32,937.01,0.35,0.39
2026-01-13 21:34:32,627,"Bitcoin Up or Down - January 13, 8:30AM-8:45AM ET",price_change,UP,0.58,271.5,0.61,0.64
2026-01-13 21:34:33,627,"Bitcoin Up or Down - January 13, 8:30AM-8:45AM ET",price_change,UP,0.61,91,0.61,0.64
2026-01-13 21:34:33,627,"Bitcoin Up or Down - January 13, 8:30AM-8:45AM ET",price_change,DOWN,0.35,1382.65,0.36,0.39
2026-01-13 21:34:34,626,"Bitcoin Up or Down - January 13, 8:30AM-8:45AM ET",price_change,UP,0.61,26.75,0.61,0.63
2026-01-13 21:34:34,626,"Bitcoin Up or Down - January 13, 8:30AM-8:45AM ET",price_change,DOWN,0.02,9654.7,0.37,0.39
2026-01-13 21:34:35,625,"Bitcoin Up or Down - January 13, 8:30AM-8:45AM ET",price_change,UP,0.55,1038,0.62,0.63
2026-01-13 21:34:35,625,"Bitcoin Up or Down - January 13, 8:30AM-8:45AM ET",price_change,DOWN,0.37,755.27,0.37,0.38
2026-01-13 21:34:36,624,"Bitcoin Up or Down - January 13, 8:30AM-8:45AM ET",price_change,DOWN,0.37,622.41,0.37,0.38
2026-01-13 21:34:36,624,"Bitcoin Up or Down - January 13, 8:30AM-8:45AM ET",price_change,UP,0.61,136.94,0.62,0.63
2026-01-13 21:34:37,623,"Bitcoin Up or Down - January 13, 8:30AM-8:45AM ET",price_change,UP,0.62,334.6,0.62,0.63
2026-01-13 21:34:37,623,"Bitcoin Up or Down - January 13, 8:30AM-8:45AM ET",price_change,DOWN,0.21,1894.25,0.37,0.38
2026-01-13 21:34:38,622,"Bitcoin Up or Down - January 13, 8:30AM-8:45AM ET",price_change,DOWN,0.37,26.6,0.37,0.38
2026-01-13 21:34:38,622,"Bitcoin Up or Down - January 13, 8:30AM-8:45AM ET",price_change,UP,0.62,44.65,0.62,0.63
2026-01-13 21:34:39,621,"Bitcoin Up or Down - January 13, 8:30AM-8:45AM ET",price_change,UP,0.62,550.5,0.62,0.63
2026-01-13 21:34:39,621,"Bitcoin Up or Down - January 13, 8:30AM-8:45AM ET",price_change,DOWN,0.36,1900.07,0.37,0.38
2026-01-13 21:34:40,620,"Bitcoin Up or Down - January 13, 8:30AM-8:45AM ET",price_change,DOWN,0.36,951.25,0.36,0.37
2026-01-13 21:34:40,620,"Bitcoin Up or Down - January 13, 8:30AM-8:45AM ET",price_change,UP,0.57,1337,0.63,0.64
2026-01-13 21:34:41,619,"Bitcoin Up or Down - January 13, 8:30AM-8:45AM ET",price_change,DOWN,0.36,707.95,0.36,0.37
2026-01-13 21:34:41,619,"Bitcoin Up or Down - January 13, 8:30AM-8:45AM ET",price_change,UP,0.62,357.1,0.63,0.64
2026-01-13 21:34:42,618,"Bitcoin Up or Down - January 13, 8:30AM-8:45AM ET",price_change,DOWN,0.36,1258.48,0.36,0.37
2026-01-13 21:34:42,618,"Bitcoin Up or Down - January 13, 8:30AM-8:45AM ET",price_change,UP,0.54,1552,0.63,0.64
2026-01-13 21:34:43,617,"Bitcoin Up or Down - January 13, 8:30AM-8:45AM ET",price_change,DOWN,0.36,427.53,0.36,0.37
2026-01-13 21:34:43,617,"Bitcoin Up or Down - January 13, 8:30AM-8:45AM ET",price_change,UP,0.63,159.01,0.63,0.64
2026-01-13 21:34:44,616,"Bitcoin Up or Down - January 13, 8:30AM-8:45AM ET",price_change,UP,0.61,1114,0.63,0.64
2026-01-13 21:34:44,616,"Bitcoin Up or Down - January 13, 8:30AM-8:45AM ET",price_change,DOWN,0.36,87.48,0.36,0.37
2026-01-13 21:34:45,615,"Bitcoin Up or Down - January 13, 8:30AM-8:45AM ET",price_change,DOWN,0.34,471.86,0.34,0.35
2026-01-13 21:34:45,615,"Bitcoin Up or Down - January 13, 8:30AM-8:45AM ET",price_change,UP,0.61,1056,0.65,0.66
2026-01-13 21:34:46,614,"Bitcoin Up or Down - January 13, 8:30AM-8:45AM ET",price_change,UP,0.65,40,0.65,0.66
2026-01-13 21:34:46,614,"Bitcoin Up or Down - January 13, 8:30AM-8:45AM ET",price_change,DOWN,0.3,1366.64,0.34,0.35
2026-01-13 21:34:47,613,"Bitcoin Up or Down - January 13, 8:30AM-8:45AM ET",price_change,DOWN,0.36,112.15,0.36,0.37
2026-01-13 21:34:47,613,"Bitcoin Up or Down - January 13, 8:30AM-8:45AM ET",price_change,UP,0.57,1370,0.63,0.64
2026-01-13 21:34:48,612,"Bitcoin Up or Down - January 13, 8:30AM-8:45AM ET",price_change,DOWN,0.33,1066.77,0.35,0.36
2026-01-13 21:34:48,612,"Bitcoin Up or Down - January 13, 8:30AM-8:45AM ET",price_change,UP,0.64,247.2,0.64,0.65
2026-01-13 21:34:49,611,"Bitcoin Up or Down - January 13, 8:30AM-8:45AM ET",price_change,UP,0.57,1337,0.64,0.65
2026-01-13 21:34:49,611,"Bitcoin Up or Down - January 13, 8:30AM-8:45AM ET",price_change,DOWN,0.34,273.5,0.35,0.36
2026-01-13 21:34:50,610,"Bitcoin Up or Down - January 13, 8:30AM-8:45AM ET",price_change,UP,0.57,1342,0.64,0.65
2026-01-13 21:34:50,610,"Bitcoin Up or Down - January 13, 8:30AM-8:45AM ET",price_change,DOWN,0.33,2139.77,0.35,0.36
2026-01-13 21:34:51,609,"Bitcoin Up or Down - January 13, 8:30AM-8:45AM ET",price_change,DOWN,0.25,1540.82,0.35,0.36
2026-01-13 21:34:51,609,"Bitcoin Up or Down - January 13, 8:30AM-8:45AM ET",price_change,UP,0.63,989,0.64,0.65
2026-01-13 21:34:52,608,"Bitcoin Up or Down - January 13, 8:30AM-8:45AM ET",price_change,UP,0.55,1053,0.64,0.65
2026-01-13 21:34:52,608,"Bitcoin Up or Down - January 13, 8:30AM-8:45AM ET",price_change,DOWN,0.35,325.1,0.35,0.36
2026-01-13 21:34:53,607,"Bitcoin Up or Down - January 13, 8:30AM-8:45AM ET",price_change,DOWN,0.32,115,0.34,0.36
2026-01-13 21:34:53,607,"Bitcoin Up or Down - January 13, 8:30AM-8:45AM ET",price_change,UP,0.59,1357.26,0.64,0.66
2026-01-13 21:34:54,606,"Bitcoin Up or Down - January 13, 8:30AM-8:45AM ET",price_change,DOWN,0.13,1458.5,0.34,0.35
2026-01-13 21:34:54,606,"Bitcoin Up or Down - January 13, 8:30AM-8:45AM ET",price_change,UP,0.64,1275.52,0.65,0.66
2026-01-13 21:34:55,605,"Bitcoin Up or Down - January 13, 8:30AM-8:45AM ET",price_change,DOWN,0.32,176,0.33,0.34
2026-01-13 21:34:55,605,"Bitcoin Up or Down - January 13, 8:30AM-8:45AM ET",price_change,UP,0.53,1241.47,0.66,0.67
2026-01-13 21:34:56,604,"Bitcoin Up or Down - January 13, 8:30AM-8:45AM ET",price_change,UP,0.6,1452.86,0.66,0.67
2026-01-13 21:34:56,604,"Bitcoin Up or Down - January 13, 8:30AM-8:45AM ET",price_change,DOWN,0.28,1009.4,0.33,0.34
2026-01-13 21:34:57,603,"Bitcoin Up or Down - January 13, 8:30AM-8:45AM ET",price_change,DOWN,0.3,308.34,0.3,0.32
2026-01-13 21:34:57,603,"Bitcoin Up or Down - January 13, 8:30AM-8:45AM ET",price_change,UP,0.61,1381,0.68,0.7
2026-01-13 21:34:58,602,"Bitcoin Up or Down - January 13, 8:30AM-8:45AM ET",price_change,DOWN,0.28,1234.4,0.28,0.3
2026-01-13 21:34:58,602,"Bitcoin Up or Down - January 13, 8:30AM-8:45AM ET",price_change,UP,0.7,318.5,0.7,0.72
2026-01-13 21:34:59,601,"Bitcoin Up or Down - January 13, 8:30AM-8:45AM ET",price_change,UP,0.71,496.5,0.71,0.72
2026-01-13 21:34:59,601,"Bitcoin Up or Down - January 13, 8:30AM-8:45AM ET",price_change,DOWN,0.27,410.5,0.28,0.29
2026-01-13 21:35:00,600,"Bitcoin Up or Down - January 13, 8:30AM-8:45AM ET",price_change,UP,0.62,1552,0.71,0.72
2026-01-13 21:35:00,600,"Bitcoin Up or Down - January 13, 8:30AM-8:45AM ET",price_change,DOWN,0.01,14134.61,0.28,0.29
2026-01-13 21:35:01,599,"Bitcoin Up or Down - January 13, 8:30AM-8:45AM ET",price_change,UP,0.7,634.36,0.71,0.72
2026-01-13 21:35:01,599,"Bitcoin Up or Down - January 13, 8:30AM-8:45AM ET",price_change,DOWN,0.27,1244,0.28,0.29
2026-01-13 21:35:01,598,"Bitcoin Up or Down - January 13, 8:30AM-8:45AM ET",price_change,DOWN,0.28,452.41,0.28,0.29
2026-01-13 21:35:01,598,"Bitcoin Up or Down - January 13, 8:30AM-8:45AM ET",price_change,UP,0.7,734.36,0.71,0.72
2026-01-13 21:35:02,598,"Bitcoin Up or Down - January 13, 8:30AM-8:45AM ET",price_change,UP,0.71,2517.21,0.71,0.72
2026-01-13 21:35:02,598,"Bitcoin Up or Down - January 13, 8:30AM-8:45AM ET",price_change,DOWN,0.28,443.75,0.28,0.29
2026-01-13 21:35:03,596,"Bitcoin Up or Down - January 13, 8:30AM-8:45AM ET",price_change,UP,0.71,282.5,0.71,0.72
2026-01-13 21:35:03,596,"Bitcoin Up or Down - January 13, 8:30AM-8:45AM ET",price_change,DOWN,0.28,1031.07,0.28,0.29
2026-01-13 21:35:04,595,"Bitcoin Up or Down - January 13, 8:30AM-8:45AM ET",price_change,UP,0.65,1392,0.71,0.72
2026-01-13 21:35:04,595,"Bitcoin Up or Down - January 13, 8:30AM-8:45AM ET",price_change,DOWN,0.2,1882.87,0.28,0.29
2026-01-13 21:35:05,595,"Bitcoin Up or Down - January 13, 8:30AM-8:45AM ET",price_change,UP,0.63,915,0.72,0.74
2026-01-13 21:35:05,595,"Bitcoin Up or Down - January 13, 8:30AM-8:45AM ET",price_change,DOWN,0.07,3086.59,0.26,0.28
2026-01-13 21:35:06,594,"Bitcoin Up or Down - January 13, 8:30AM-8:45AM ET",price_change,UP,0.62,1532,0.72,0.73
2026-01-13 21:35:06,594,"Bitcoin Up or Down - January 13, 8:30AM-8:45AM ET",price_change,DOWN,0.27,265,0.27,0.28
2026-01-13 21:35:06,593,"Bitcoin Up or Down - January 13, 8:30AM-8:45AM ET",price_change,DOWN,0.28,159.47,0.28,0.29
2026-01-13 21:35:06,593,"Bitcoin Up or Down - January 13, 8:30AM-8:45AM ET",price_change,UP,0.02,8041.21,0.71,0.72
2026-01-13 21:35:07,593,"Bitcoin Up or Down - January 13, 8:30AM-8:45AM ET",price_change,UP,0.42,1900.12,0.71,0.72
2026-01-13 21:35:07,593,"Bitcoin Up or Down - January 13, 8:30AM-8:45AM ET",price_change,DOWN,0.27,610.27,0.28,0.29
2026-01-13 21:35:08,592,"Bitcoin Up or Down - January 13, 8:30AM-8:45AM ET",price_change,UP,0.71,1224.94,0.71,0.72
2026-01-13 21:35:08,592,"Bitcoin Up or Down - January 13, 8:30AM-8:45AM ET",price_change,DOWN,0.22,1301.11,0.28,0.29
2026-01-13 21:35:09,591,"Bitcoin Up or Down - January 13, 8:30AM-8:45AM ET",price_change,UP,0.71,1998.8,0.71,0.73
2026-01-13 21:35:09,591,"Bitcoin Up or Down - January 13, 8:30AM-8:45AM ET",price_change,DOWN,0.26,443.71,0.27,0.29
2026-01-13 21:35:10,590,"Bitcoin Up or Down - January 13, 8:30AM-8:45AM ET",price_change,DOWN,0.25,1288.3,0.26,0.27
2026-01-13 21:35:10,590,"Bitcoin Up or Down - January 13, 8:30AM-8:45AM ET",price_change,UP,0.71,1862.3,0.73,0.74
2026-01-13 21:35:11,589,"Bitcoin Up or Down - January 13, 8:30AM-8:45AM ET",price_change,UP,0.73,145.2,0.73,0.74
2026-01-13 21:35:11,589,"Bitcoin Up or Down - January 13, 8:30AM-8:45AM ET",price_change,DOWN,0.25,974.8,0.26,0.27
2026-01-13 21:35:12,588,"Bitcoin Up or Down - January 13, 8:30AM-8:45AM ET",price_change,DOWN,0.25,923.3,0.25,0.26
2026-01-13 21:35:12,588,"Bitcoin Up or Down - January 13, 8:30AM-8:45AM ET",price_change,UP,0.73,708.92,0.74,0.75
2026-01-13 21:35:13,587,"Bitcoin Up or Down - January 13, 8:30AM-8:45AM ET",price_change,UP,0.64,1255.52,0.74,0.75
2026-01-13 21:35:13,587,"Bitcoin Up or Down - January 13, 8:30AM-8:45AM ET",price_change,DOWN,0.25,54.3,0.25,0.26
2026-01-13 21:35:14,586,"Bitcoin Up or Down - January 13, 8:30AM-8:45AM ET",price_change,UP,0.71,2019.3,0.74,0.75
2026-01-13 21:35:14,586,"Bitcoin Up or Down - January 13, 8:30AM-8:45AM ET",price_change,DOWN,0.23,1053.8,0.25,0.26
2026-01-13 21:35:15,585,"Bitcoin Up or Down - January 13, 8:30AM-8:45AM ET",price_change,UP,0.75,1852.18,0.75,0.76
2026-01-13 21:35:15,585,"Bitcoin Up or Down - January 13, 8:30AM-8:45AM ET",price_change,DOWN,0.24,19.42,0.24,0.25
2026-01-13 21:35:16,584,"Bitcoin Up or Down - January 13, 8:30AM-8:45AM ET",price_change,UP,0.58,1320.3,0.76,0.77
2026-01-13 21:35:16,584,"Bitcoin Up or Down - January 13, 8:30AM-8:45AM ET",price_change,DOWN,0.23,807.07,0.23,0.24
2026-01-13 21:35:17,583,"Bitcoin Up or Down - January 13, 8:30AM-8:45AM ET",price_change,UP,0.7,1362,0.76,0.77
2026-01-13 21:35:17,583,"Bitcoin Up or Down - January 13, 8:30AM-8:45AM ET",price_change,DOWN,0.16,1390.64,0.23,0.24
2026-01-13 21:35:18,582,"Bitcoin Up or Down - January 13, 8:30AM-8:45AM ET",price_change,UP,0.75,1685.69,0.75,0.77
2026-01-13 21:35:18,582,"Bitcoin Up or Down - January 13, 8:30AM-8:45AM ET",price_change,DOWN,0.21,1169.8,0.23,0.25
2026-01-13 21:35:18,581,"Bitcoin Up or Down - January 13, 8:30AM-8:45AM ET",price_change,UP,0.75,1700.17,0.75,0.76
2026-01-13 21:35:18,581,"Bitcoin Up or Down - January 13, 8:30AM-8:45AM ET",price_change,DOWN,0.22,1173.51,0.24,0.25
2026-01-13 21:35:19,581,"Bitcoin Up or Down - January 13, 8:30AM-8:45AM ET",price_change,UP,0.63,915,0.75,0.76
2026-01-13 21:35:19,581,"Bitcoin Up or Down - January 13, 8:30AM-8:45AM ET",price_change,DOWN,0.22,1153.51,0.24,0.25
2026-01-13 21:35:20,580,"Bitcoin Up or Down - January 13, 8:30AM-8:45AM ET",price_change,UP,0.65,1377,0.75,0.76
2026-01-13 21:35:20,580,"Bitcoin Up or Down - January 13, 8:30AM-8:45AM ET",price_change,DOWN,0.24,47.38,0.24,0.25
2026-01-13 21:35:21,579,"Bitcoin Up or Down - January 13, 8:30AM-8:45AM ET",price_change,UP,0.76,289.22,0.76,0.77
2026-01-13 21:35:21,579,"Bitcoin Up or Down - January 13, 8:30AM-8:45AM ET",price_change,DOWN,0.23,80.5,0.23,0.24
2026-01-13 21:35:22,578,"Bitcoin Up or Down - January 13, 8:30AM-8:45AM ET",price_change,UP,0.76,1298.19,0.76,0.77
2026-01-13 21:35:22,578,"Bitcoin Up or Down - January 13, 8:30AM-8:45AM ET",price_change,DOWN,0.08,1617,0.23,0.24
2026-01-13 21:35:23,577,"Bitcoin Up or Down - January 13, 8:30AM-8:45AM ET",price_change,DOWN,0.21,1164.5,0.24,0.25
2026-01-13 21:35:23,577,"Bitcoin Up or Down - January 13, 8:30AM-8:45AM ET",price_change,UP,0.73,1478,0.75,0.76
2026-01-13 21:35:24,576,"Bitcoin Up or Down - January 13, 8:30AM-8:45AM ET",price_change,DOWN,0.24,97.78,0.24,0.25
2026-01-13 21:35:24,576,"Bitcoin Up or Down - January 13, 8:30AM-8:45AM ET",price_change,UP,0.72,1421.5,0.75,0.76
2026-01-13 21:35:25,575,"Bitcoin Up or Down - January 13, 8:30AM-8:45AM ET",price_change,UP,0.75,222.1,0.75,0.76
2026-01-13 21:35:25,575,"Bitcoin Up or Down - January 13, 8:30AM-8:45AM ET",price_change,DOWN,0.15,4234.84,0.24,0.25
2026-01-13 21:35:26,574,"Bitcoin Up or Down - January 13, 8:30AM-8:45AM ET",price_change,UP,0.74,91.5,0.75,0.76
2026-01-13 21:35:26,574,"Bitcoin Up or Down - January 13, 8:30AM-8:45AM ET",price_change,DOWN,0.23,922,0.24,0.25
2026-01-13 21:35:27,573,"Bitcoin Up or Down - January 13, 8:30AM-8:45AM ET",price_change,UP,0.74,35,0.75,0.76
2026-01-13 21:35:27,573,"Bitcoin Up or Down - January 13, 8:30AM-8:45AM ET",price_change,DOWN,0.24,2043.52,0.24,0.25
2026-01-13 21:35:28,572,"Bitcoin Up or Down - January 13, 8:30AM-8:45AM ET",price_change,UP,0.67,689.5,0.74,0.75
2026-01-13 21:35:28,572,"Bitcoin Up or Down - January 13, 8:30AM-8:45AM ET",price_change,DOWN,0.25,2489,0.25,0.26
2026-01-13 21:35:28,571,"Bitcoin Up or Down - January 13, 8:30AM-8:45AM ET",price_change,UP,0.72,73,0.72,0.74
2026-01-13 21:35:29,571,"Bitcoin Up or Down - January 13, 8:30AM-8:45AM ET",price_change,DOWN,0.26,143,0.26,0.28
2026-01-13 21:35:29,571,"Bitcoin Up or Down - January 13, 8:30AM-8:45AM ET",price_change,UP,0.01,15278.74,0.72,0.74
2026-01-13 21:35:30,570,"Bitcoin Up or Down - January 13, 8:30AM-8:45AM ET",price_change,UP,0.66,956.19,0.71,0.72
2026-01-13 21:35:30,570,"Bitcoin Up or Down - January 13, 8:30AM-8:45AM ET",price_change,DOWN,0.28,64.74,0.28,0.29
2026-01-13 21:35:31,569,"Bitcoin Up or Down - January 13, 8:30AM-8:45AM ET",price_change,UP,0.72,277.26,0.73,0.74
2026-01-13 21:35:31,569,"Bitcoin Up or Down - January 13, 8:30AM-8:45AM ET",price_change,DOWN,0.26,763,0.26,0.27
2026-01-13 21:35:31,569,"Bitcoin Up or Down - January 13, 8:30AM-8:45AM ET",price_change,UP,0.61,1347,0.73,0.74
2026-01-13 21:35:31,569,"Bitcoin Up or Down - January 13, 8:30AM-8:45AM ET",price_change,DOWN,0.26,699,0.26,0.27
2026-01-13 21:35:32,568,"Bitcoin Up or Down - January 13, 8:30AM-8:45AM ET",price_change,UP,0.73,229.59,0.74,0.75
2026-01-13 21:35:32,568,"Bitcoin Up or Down - January 13, 8:30AM-8:45AM ET",price_change,DOWN,0.23,1202.8,0.25,0.26
2026-01-13 21:35:33,567,"Bitcoin Up or Down - January 13, 8:30AM-8:45AM ET",price_change,UP,0.63,925,0.74,0.75
2026-01-13 21:35:33,567,"Bitcoin Up or Down - January 13, 8:30AM-8:45AM ET",price_change,DOWN,0.25,2084.86,0.25,0.26
2026-01-13 21:35:34,566,"Bitcoin Up or Down - January 13, 8:30AM-8:45AM ET",price_change,UP,0.6,1396.86,0.74,0.75
2026-01-13 21:35:34,566,"Bitcoin Up or Down - January 13, 8:30AM-8:45AM ET",price_change,DOWN,0.25,1740.42,0.25,0.26
2026-01-13 21:35:35,565,"Bitcoin Up or Down - January 13, 8:30AM-8:45AM ET",price_change,DOWN,0.25,330.09,0.25,0.26
2026-01-13 21:35:35,565,"Bitcoin Up or Down - January 13, 8:30AM-8:45AM ET",price_change,UP,0.71,1367,0.74,0.75
2026-01-13 21:35:36,564,"Bitcoin Up or Down - January 13, 8:30AM-8:45AM ET",price_change,UP,0.78,51.13,0.78,0.79
2026-01-13 21:35:36,564,"Bitcoin Up or Down - January 13, 8:30AM-8:45AM ET",price_change,DOWN,0.18,1282.21,0.21,0.22
2026-01-13 21:35:37,563,"Bitcoin Up or Down - January 13, 8:30AM-8:45AM ET",price_change,DOWN,0.2,411.59,0.21,0.22
2026-01-13 21:35:37,563,"Bitcoin Up or Down - January 13, 8:30AM-8:45AM ET",price_change,UP,0.78,54.31,0.78,0.79
2026-01-13 21:35:38,562,"Bitcoin Up or Down - January 13, 8:30AM-8:45AM ET",price_change,UP,0.66,909.35,0.78,0.79
2026-01-13 21:35:38,562,"Bitcoin Up or Down - January 13, 8:30AM-8:45AM ET",price_change,DOWN,0.21,276.6,0.21,0.22
2026-01-13 21:35:39,561,"Bitcoin Up or Down - January 13, 8:30AM-8:45AM ET",price_change,DOWN,0.12,3257.88,0.22,0.23
2026-01-13 21:35:39,561,"Bitcoin Up or Down - January 13, 8:30AM-8:45AM ET",price_change,UP,0.66,1135.35,0.77,0.78
2026-01-13 21:35:40,560,"Bitcoin Up or Down - January 13, 8:30AM-8:45AM ET",price_change,UP,0.77,1046.44,0.77,0.78
2026-01-13 21:35:40,560,"Bitcoin Up or Down - January 13, 8:30AM-8:45AM ET",price_change,DOWN,0.2,122,0.22,0.23
2026-01-13 21:35:41,559,"Bitcoin Up or Down - January 13, 8:30AM-8:45AM ET",price_change,DOWN,0.19,302.65,0.19,0.2
2026-01-13 21:35:41,559,"Bitcoin Up or Down - January 13, 8:30AM-8:45AM ET",price_change,UP,0.53,1239.8,0.8,0.81
2026-01-13 21:35:41,558,"Bitcoin Up or Down - January 13, 8:30AM-8:45AM ET",price_change,DOWN,0.07,2976.59,0.19,0.2
2026-01-13 21:35:41,558,"Bitcoin Up or Down - January 13, 8:30AM-8:45AM ET",price_change,UP,0.78,810.8,0.8,0.81
2026-01-13 21:35:42,558,"Bitcoin Up or Down - January 13, 8:30AM-8:45AM ET",price_change,UP,0.78,810.8,0.8,0.81
2026-01-13 21:35:42,558,"Bitcoin Up or Down - January 13, 8:30AM-8:45AM ET",price_change,DOWN,0.06,4553.18,0.19,0.2
2026-01-13 21:35:43,557,"Bitcoin Up or Down - January 13, 8:30AM-8:45AM ET",price_change,UP,0.69,1721.76,0.8,0.81
2026-01-13 21:35:43,557,"Bitcoin Up or Down - January 13, 8:30AM-8:45AM ET",price_change,UP,0.79,416.5,0.8,0.81
2026-01-13 21:35:43,557,"Bitcoin Up or Down - January 13, 8:30AM-8:45AM ET",price_change,DOWN,0.16,929.69,0.19,0.2
2026-01-13 21:35:44,556,"Bitcoin Up or Down - January 13, 8:30AM-8:45AM ET",price_change,UP,0.7,1347,0.81,0.82
2026-01-13 21:35:44,556,"Bitcoin Up or Down - January 13, 8:30AM-8:45AM ET",price_change,DOWN,0.16,1225.19,0.18,0.19
2026-01-13 21:35:45,555,"Bitcoin Up or Down - January 13, 8:30AM-8:45AM ET",price_change,UP,0.7,1347,0.81,0.82
2026-01-13 21:35:45,555,"Bitcoin Up or Down - January 13, 8:30AM-8:45AM ET",price_change,DOWN,0.16,1441.19,0.18,0.19
2026-01-13 21:35:46,554,"Bitcoin Up or Down - January 13, 8:30AM-8:45AM ET",price_change,DOWN,0.15,2241.92,0.18,0.19
2026-01-13 21:35:46,554,"Bitcoin Up or Down - January 13, 8:30AM-8:45AM ET",price_change,UP,0.74,1340.19,0.81,0.82
2026-01-13 21:35:47,553,"Bitcoin Up or Down - January 13, 8:30AM-8:45AM ET",price_change,UP,0.71,1337,0.81,0.82
2026-01-13 21:35:47,553,"Bitcoin Up or Down - January 13, 8:30AM-8:45AM ET",price_change,DOWN,0.16,531.19,0.18,0.19
2026-01-13 21:35:48,552,"Bitcoin Up or Down - January 13, 8:30AM-8:45AM ET",price_change,UP,0.78,1322,0.82,0.83
2026-01-13 21:35:48,552,"Bitcoin Up or Down - January 13, 8:30AM-8:45AM ET",price_change,DOWN,0.16,526.69,0.17,0.18
2026-01-13 21:35:49,551,"Bitcoin Up or Down - January 13, 8:30AM-8:45AM ET",price_change,UP,0.72,1317,0.82,0.83
2026-01-13 21:35:49,551,"Bitcoin Up or Down - January 13, 8:30AM-8:45AM ET",price_change,DOWN,0.17,68.79,0.17,0.18
2026-01-13 21:35:50,550,"Bitcoin Up or Down - January 13, 8:30AM-8:45AM ET",price_change,UP,0.72,1317,0.82,0.83
2026-01-13 21:35:50,550,"Bitcoin Up or Down - January 13, 8:30AM-8:45AM ET",price_change,DOWN,0.16,275.69,0.17,0.18
2026-01-13 21:35:51,549,"Bitcoin Up or Down - January 13, 8:30AM-8:45AM ET",price_change,UP,0.7,1338.2,0.82,0.83
2026-01-13 21:35:51,549,"Bitcoin Up or Down - January 13, 8:30AM-8:45AM ET",price_change,DOWN,0.16,253.69,0.17,0.18
2026-01-13 21:35:52,548,"Bitcoin Up or Down - January 13, 8:30AM-8:45AM ET",price_change,UP,0.84,180.78,0.84,0.85
2026-01-13 21:35:52,548,"Bitcoin Up or Down - January 13, 8:30AM-8:45AM ET",price_change,DOWN,0.04,3315.01,0.15,0.16
2026-01-13 21:35:53,547,"Bitcoin Up or Down - January 13, 8:30AM-8:45AM ET",price_change,UP,0.84,87.41,0.84,0.85
2026-01-13 21:35:53,547,"Bitcoin Up or Down - January 13, 8:30AM-8:45AM ET",price_change,DOWN,0.14,1086.8,0.15,0.16
2026-01-13 21:35:54,546,"Bitcoin Up or Down - January 13, 8:30AM-8:45AM ET",price_change,UP,0.73,1322,0.84,0.85
2026-01-13 21:35:54,546,"Bitcoin Up or Down - January 13, 8:30AM-8:45AM ET",price_change,DOWN,0.1,1710.84,0.15,0.16
2026-01-13 21:35:55,545,"Bitcoin Up or Down - January 13, 8:30AM-8:45AM ET",price_change,UP,0.73,1322,0.84,0.85
2026-01-13 21:35:55,545,"Bitcoin Up or Down - January 13, 8:30AM-8:45AM ET",price_change,DOWN,0.15,775.61,0.15,0.16
2026-01-13 21:35:56,544,"Bitcoin Up or Down - January 13, 8:30AM-8:45AM ET",price_change,UP,0.73,1322,0.84,0.85
2026-01-13 21:35:56,544,"Bitcoin Up or Down - January 13, 8:30AM-8:45AM ET",price_change,DOWN,0.14,451.8,0.15,0.16
2026-01-13 21:35:57,543,"Bitcoin Up or Down - January 13, 8:30AM-8:45AM ET",price_change,UP,0.77,832,0.84,0.85
2026-01-13 21:35:57,543,"Bitcoin Up or Down - January 13, 8:30AM-8:45AM ET",price_change,DOWN,0.12,1048.8,0.15,0.16
2026-01-13 21:35:58,542,"Bitcoin Up or Down - January 13, 8:30AM-8:45AM ET",price_change,UP,0.84,219.75,0.84,0.85
2026-01-13 21:35:58,542,"Bitcoin Up or Down - January 13, 8:30AM-8:45AM ET",price_change,DOWN,0.14,1045.8,0.15,0.16
2026-01-13 21:35:59,541,"Bitcoin Up or Down - January 13, 8:30AM-8:45AM ET",price_change,UP,0.84,38.98,0.84,0.85
2026-01-13 21:35:59,541,"Bitcoin Up or Down - January 13, 8:30AM-8:45AM ET",price_change,DOWN,0.03,5201.69,0.15,0.16
2026-01-13 21:36:00,540,"Bitcoin Up or Down - January 13, 8:30AM-8:45AM ET",price_change,UP,0.84,160.68,0.84,0.85
2026-01-13 21:36:00,540,"Bitcoin Up or Down - January 13, 8:30AM-8:45AM ET",price_change,DOWN,0.13,358.5,0.15,0.16
2026-01-13 21:36:01,539,"Bitcoin Up or Down - January 13, 8:30AM-8:45AM ET",price_change,DOWN,0.09,1759.92,0.15,0.16
2026-01-13 21:36:01,539,"Bitcoin Up or Down - January 13, 8:30AM-8:45AM ET",price_change,UP,0.82,1680.74,0.84,0.85
2026-01-13 21:36:02,538,"Bitcoin Up or Down - January 13, 8:30AM-8:45AM ET",price_change,DOWN,0.15,1323.53,0.15,0.17
2026-01-13 21:36:02,538,"Bitcoin Up or Down - January 13, 8:30AM-8:45AM ET",price_change,UP,0.81,610.82,0.83,0.85
2026-01-13 21:36:03,537,"Bitcoin Up or Down - January 13, 8:30AM-8:45AM ET",price_change,UP,0.84,1801.6,0.86,0.87
2026-01-13 21:36:03,537,"Bitcoin Up or Down - January 13, 8:30AM-8:45AM ET",price_change,DOWN,0.12,168.88,0.13,0.14
