timestamp,left (real time),event,event_type,buy_pick,buy_price,buy_size,buy_best_bid,buy_best_ask
2026-01-13 17:00:42,857,"Bitcoin Up or Down - January 13, 4:00AM-4:15AM ET",price_change,UP,0.52,346.54,0.53,0.54
2026-01-13 17:00:42,857,"Bitcoin Up or Down - January 13, 4:00AM-4:15AM ET",price_change,DOWN,0.32,784.38,0.46,0.47
2026-01-13 17:00:43,856,"Bitcoin Up or Down - January 13, 4:00AM-4:15AM ET",price_change,UP,0.53,103.43,0.53,0.54
2026-01-13 17:00:43,856,"Bitcoin Up or Down - January 13, 4:00AM-4:15AM ET",price_change,DOWN,0.44,1051,0.46,0.47
2026-01-13 17:00:44,855,"Bitcoin Up or Down - January 13, 4:00AM-4:15AM ET",price_change,DOWN,0.46,1138.98,0.46,0.47
2026-01-13 17:00:44,855,"Bitcoin Up or Down - January 13, 4:00AM-4:15AM ET",price_change,UP,0.53,192.17,0.53,0.54
2026-01-13 17:00:44,854,"Bitcoin Up or Down - January 13, 4:00AM-4:15AM ET",price_change,UP,0.53,206.04,0.53,0.54
2026-01-13 17:00:45,854,"Bitcoin Up or Down - January 13, 4:00AM-4:15AM ET",price_change,DOWN,0.43,1112.92,0.46,0.47
2026-01-13 17:00:45,853,"Bitcoin Up or Down - January 13, 4:00AM-4:15AM ET",price_change,UP,0.5,1066,0.52,0.53
2026-01-13 17:00:45,853,"Bitcoin Up or Down - January 13, 4:00AM-4:15AM ET",price_change,DOWN,0.47,141.5,0.47,0.48
2026-01-13 17:00:46,852,"Bitcoin Up or Down - January 13, 4:00AM-4:15AM ET",price_change,UP,0.37,1006,0.52,0.53
2026-01-13 17:00:47,852,"Bitcoin Up or Down - January 13, 4:00AM-4:15AM ET",price_change,DOWN,0.41,1185.92,0.47,0.48
2026-01-13 17:00:47,851,"Bitcoin Up or Down - January 13, 4:00AM-4:15AM ET",price_change,UP,0.51,2073.23,0.52,0.53
2026-01-13 17:00:47,851,"Bitcoin Up or Down - January 13, 4:00AM-4:15AM ET",price_change,DOWN,0.47,2001.22,0.47,0.48
2026-01-13 17:00:48,850,"Bitcoin Up or Down - January 13, 4:00AM-4:15AM ET",price_change,DOWN,0.47,829.09,0.47,0.48
2026-01-13 17:00:49,850,"Bitcoin Up or Down - January 13, 4:00AM-4:15AM ET",price_change,UP,0.52,1785.58,0.52,0.53
2026-01-13 17:00:50,849,"Bitcoin Up or Down - January 13, 4:00AM-4:15AM ET",price_change,UP,0.41,1225.35,0.52,0.53
2026-01-13 17:00:50,849,"Bitcoin Up or Down - January 13, 4:00AM-4:15AM ET",price_change,DOWN,0.47,608.32,0.47,0.48
2026-01-13 17:00:50,848,"Bitcoin Up or Down - January 13, 4:00AM-4:15AM ET",price_change,UP,0.49,2364.92,0.53,0.54
2026-01-13 17:00:51,848,"Bitcoin Up or Down - January 13, 4:00AM-4:15AM ET",price_change,DOWN,0.42,1096,0.46,0.47
2026-01-13 17:00:52,847,"Bitcoin Up or Down - January 13, 4:00AM-4:15AM ET",price_change,DOWN,0.42,1046,0.46,0.47
2026-01-13 17:00:52,847,"Bitcoin Up or Down - January 13, 4:00AM-4:15AM ET",price_change,UP,0.53,566.03,0.53,0.54
2026-01-13 17:00:53,846,"Bitcoin Up or Down - January 13, 4:00AM-4:15AM ET",price_change,DOWN,0.42,1057,0.46,0.47
2026-01-13 17:00:53,846,"Bitcoin Up or Down - January 13, 4:00AM-4:15AM ET",price_change,UP,0.53,553.89,0.53,0.54
2026-01-13 17:00:54,845,"Bitcoin Up or Down - January 13, 4:00AM-4:15AM ET",price_change,UP,0.53,509.06,0.53,0.54
2026-01-13 17:00:54,845,"Bitcoin Up or Down - January 13, 4:00AM-4:15AM ET",price_change,DOWN,0.42,1057,0.46,0.47
2026-01-13 17:00:54,844,"Bitcoin Up or Down - January 13, 4:00AM-4:15AM ET",price_change,UP,0.49,2294.92,0.53,0.54
2026-01-13 17:00:55,844,"Bitcoin Up or Down - January 13, 4:00AM-4:15AM ET",price_change,DOWN,0.42,1112,0.46,0.47
2026-01-13 17:00:56,843,"Bitcoin Up or Down - January 13, 4:00AM-4:15AM ET",price_change,DOWN,0.45,3608.72,0.46,0.47
2026-01-13 17:00:56,843,"Bitcoin Up or Down - January 13, 4:00AM-4:15AM ET",price_change,UP,0.52,1075.39,0.53,0.54
2026-01-13 17:00:56,842,"Bitcoin Up or Down - January 13, 4:00AM-4:15AM ET",price_change,DOWN,0.28,870,0.45,0.46
2026-01-13 17:00:56,842,"Bitcoin Up or Down - January 13, 4:00AM-4:15AM ET",price_change,UP,0.46,950,0.54,0.55
2026-01-13 17:00:58,841,"Bitcoin Up or Down - January 13, 4:00AM-4:15AM ET",price_change,DOWN,0.4,1026,0.45,0.46
2026-01-13 17:00:58,841,"Bitcoin Up or Down - January 13, 4:00AM-4:15AM ET",price_change,UP,0.54,371.5,0.54,0.55
2026-01-13 17:00:58,840,"Bitcoin Up or Down - January 13, 4:00AM-4:15AM ET",price_change,DOWN,0.45,3251.91,0.45,0.46
2026-01-13 17:00:59,840,"Bitcoin Up or Down - January 13, 4:00AM-4:15AM ET",price_change,UP,0.53,1162.18,0.54,0.55
2026-01-13 17:00:59,839,"Bitcoin Up or Down - January 13, 4:00AM-4:15AM ET",price_change,UP,0.51,1129.92,0.54,0.55
2026-01-13 17:01:00,839,"Bitcoin Up or Down - January 13, 4:00AM-4:15AM ET",price_change,DOWN,0.43,826.6,0.45,0.46
2026-01-13 17:01:00,838,"Bitcoin Up or Down - January 13, 4:00AM-4:15AM ET",price_change,UP,0.54,2436.42,0.54,0.55
2026-01-13 17:01:01,838,"Bitcoin Up or Down - January 13, 4:00AM-4:15AM ET",price_change,DOWN,0.44,70,0.45,0.46
2026-01-13 17:01:01,837,"Bitcoin Up or Down - January 13, 4:00AM-4:15AM ET",price_change,UP,0.05,5404,0.54,0.55
2026-01-13 17:01:01,837,"Bitcoin Up or Down - January 13, 4:00AM-4:15AM ET",price_change,DOWN,0.25,61.8,0.45,0.46
2026-01-13 17:01:03,836,"Bitcoin Up or Down - January 13, 4:00AM-4:15AM ET",price_change,DOWN,0.39,1148.92,0.45,0.46
2026-01-13 17:01:03,836,"Bitcoin Up or Down - January 13, 4:00AM-4:15AM ET",price_change,UP,0.54,2559.92,0.54,0.55
2026-01-13 17:01:03,835,"Bitcoin Up or Down - January 13, 4:00AM-4:15AM ET",price_change,UP,0.54,2793.92,0.54,0.55
2026-01-13 17:01:03,835,"Bitcoin Up or Down - January 13, 4:00AM-4:15AM ET",price_change,DOWN,0.42,112.5,0.45,0.46
2026-01-13 17:01:05,834,"Bitcoin Up or Down - January 13, 4:00AM-4:15AM ET",price_change,UP,0.54,2596.5,0.55,0.56
2026-01-13 17:01:05,834,"Bitcoin Up or Down - January 13, 4:00AM-4:15AM ET",price_change,DOWN,0.22,29.08,0.44,0.45
2026-01-13 17:01:06,833,"Bitcoin Up or Down - January 13, 4:00AM-4:15AM ET",price_change,UP,0.54,2587.91,0.57,0.58
2026-01-13 17:01:06,833,"Bitcoin Up or Down - January 13, 4:00AM-4:15AM ET",price_change,DOWN,0.4,971.24,0.42,0.43
2026-01-13 17:01:06,832,"Bitcoin Up or Down - January 13, 4:00AM-4:15AM ET",price_change,DOWN,0.39,434.5,0.39,0.4
2026-01-13 17:01:06,832,"Bitcoin Up or Down - January 13, 4:00AM-4:15AM ET",price_change,UP,0.59,266,0.6,0.61
2026-01-13 17:01:08,831,"Bitcoin Up or Down - January 13, 4:00AM-4:15AM ET",price_change,DOWN,0.35,788.56,0.35,0.38
2026-01-13 17:01:08,831,"Bitcoin Up or Down - January 13, 4:00AM-4:15AM ET",price_change,UP,0.62,443.39,0.62,0.65
2026-01-13 17:01:09,830,"Bitcoin Up or Down - January 13, 4:00AM-4:15AM ET",price_change,UP,0.47,2191,0.65,0.66
2026-01-13 17:01:09,830,"Bitcoin Up or Down - January 13, 4:00AM-4:15AM ET",price_change,DOWN,0.32,899.38,0.34,0.35
2026-01-13 17:01:10,829,"Bitcoin Up or Down - January 13, 4:00AM-4:15AM ET",price_change,DOWN,0.32,904.38,0.34,0.35
2026-01-13 17:01:10,829,"Bitcoin Up or Down - January 13, 4:00AM-4:15AM ET",price_change,UP,0.53,1071,0.65,0.66
2026-01-13 17:01:11,828,"Bitcoin Up or Down - January 13, 4:00AM-4:15AM ET",price_change,DOWN,0.34,231.76,0.34,0.35
2026-01-13 17:01:11,828,"Bitcoin Up or Down - January 13, 4:00AM-4:15AM ET",price_change,UP,0.37,1006,0.65,0.66
2026-01-13 17:01:11,827,"Bitcoin Up or Down - January 13, 4:00AM-4:15AM ET",price_change,DOWN,0.32,532.3,0.34,0.35
2026-01-13 17:01:11,827,"Bitcoin Up or Down - January 13, 4:00AM-4:15AM ET",price_change,UP,0.65,1882,0.65,0.66
2026-01-13 17:01:12,826,"Bitcoin Up or Down - January 13, 4:00AM-4:15AM ET",price_change,DOWN,0.32,774.39,0.32,0.33
2026-01-13 17:01:13,826,"Bitcoin Up or Down - January 13, 4:00AM-4:15AM ET",price_change,UP,0.67,187.4,0.67,0.68
2026-01-13 17:01:13,825,"Bitcoin Up or Down - January 13, 4:00AM-4:15AM ET",price_change,UP,0.67,96.6,0.67,0.68
2026-01-13 17:01:13,825,"Bitcoin Up or Down - January 13, 4:00AM-4:15AM ET",price_change,DOWN,0.26,1104,0.32,0.33
2026-01-13 17:01:14,824,"Bitcoin Up or Down - January 13, 4:00AM-4:15AM ET",price_change,UP,0.66,266.27,0.67,0.68
2026-01-13 17:01:15,824,"Bitcoin Up or Down - January 13, 4:00AM-4:15AM ET",price_change,DOWN,0.3,1184.66,0.32,0.33
2026-01-13 17:01:15,823,"Bitcoin Up or Down - January 13, 4:00AM-4:15AM ET",price_change,UP,0.65,1852.08,0.67,0.68
2026-01-13 17:01:16,823,"Bitcoin Up or Down - January 13, 4:00AM-4:15AM ET",price_change,DOWN,0.32,1318.38,0.32,0.33
2026-01-13 17:01:16,822,"Bitcoin Up or Down - January 13, 4:00AM-4:15AM ET",price_change,UP,0.63,559.42,0.65,0.66
2026-01-13 17:01:16,822,"Bitcoin Up or Down - January 13, 4:00AM-4:15AM ET",price_change,DOWN,0.33,545,0.34,0.35
2026-01-13 17:01:17,821,"Bitcoin Up or Down - January 13, 4:00AM-4:15AM ET",price_change,UP,0.65,141.85,0.65,0.66
2026-01-13 17:01:18,821,"Bitcoin Up or Down - January 13, 4:00AM-4:15AM ET",price_change,DOWN,0.3,1171.58,0.34,0.35
2026-01-13 17:01:18,820,"Bitcoin Up or Down - January 13, 4:00AM-4:15AM ET",price_change,DOWN,0.3,1201.58,0.34,0.35
2026-01-13 17:01:18,820,"Bitcoin Up or Down - January 13, 4:00AM-4:15AM ET",price_change,UP,0.64,346.3,0.65,0.66
2026-01-13 17:01:19,819,"Bitcoin Up or Down - January 13, 4:00AM-4:15AM ET",price_change,UP,0.56,1206.5,0.65,0.66
2026-01-13 17:01:19,819,"Bitcoin Up or Down - January 13, 4:00AM-4:15AM ET",price_change,DOWN,0.32,1094.1,0.34,0.35
2026-01-13 17:01:21,818,"Bitcoin Up or Down - January 13, 4:00AM-4:15AM ET",price_change,DOWN,0.3,1166.58,0.34,0.35
2026-01-13 17:01:21,818,"Bitcoin Up or Down - January 13, 4:00AM-4:15AM ET",price_change,UP,0.63,387,0.65,0.66
2026-01-13 17:01:22,817,"Bitcoin Up or Down - January 13, 4:00AM-4:15AM ET",price_change,DOWN,0.35,960.56,0.35,0.36
2026-01-13 17:01:22,817,"Bitcoin Up or Down - January 13, 4:00AM-4:15AM ET",price_change,UP,0.61,2150.42,0.64,0.65
2026-01-13 17:01:22,816,"Bitcoin Up or Down - January 13, 4:00AM-4:15AM ET",price_change,UP,0.62,1562.95,0.64,0.65
2026-01-13 17:01:23,816,"Bitcoin Up or Down - January 13, 4:00AM-4:15AM ET",price_change,DOWN,0.3,1241.58,0.35,0.36
2026-01-13 17:01:24,815,"Bitcoin Up or Down - January 13, 4:00AM-4:15AM ET",price_change,DOWN,0.3,1431.58,0.35,0.36
2026-01-13 17:01:24,815,"Bitcoin Up or Down - January 13, 4:00AM-4:15AM ET",price_change,UP,0.64,404.21,0.64,0.65
2026-01-13 17:01:25,814,"Bitcoin Up or Down - January 13, 4:00AM-4:15AM ET",price_change,DOWN,0.3,1411.58,0.35,0.36
2026-01-13 17:01:25,814,"Bitcoin Up or Down - January 13, 4:00AM-4:15AM ET",price_change,UP,0.01,18325.57,0.64,0.65
2026-01-13 17:01:25,813,"Bitcoin Up or Down - January 13, 4:00AM-4:15AM ET",price_change,UP,0.64,2183.26,0.64,0.65
2026-01-13 17:01:26,813,"Bitcoin Up or Down - January 13, 4:00AM-4:15AM ET",price_change,DOWN,0.3,1406.48,0.35,0.36
2026-01-13 17:01:27,812,"Bitcoin Up or Down - January 13, 4:00AM-4:15AM ET",price_change,DOWN,0.32,863.1,0.35,0.36
2026-01-13 17:01:27,812,"Bitcoin Up or Down - January 13, 4:00AM-4:15AM ET",price_change,UP,0.64,1249.92,0.64,0.65
2026-01-13 17:01:27,811,"Bitcoin Up or Down - January 13, 4:00AM-4:15AM ET",price_change,DOWN,0.01,18319.58,0.35,0.36
2026-01-13 17:01:27,811,"Bitcoin Up or Down - January 13, 4:00AM-4:15AM ET",price_change,UP,0.63,1337.62,0.64,0.65
2026-01-13 17:01:28,810,"Bitcoin Up or Down - January 13, 4:00AM-4:15AM ET",price_change,DOWN,0.34,1447.42,0.35,0.36
2026-01-13 17:01:28,810,"Bitcoin Up or Down - January 13, 4:00AM-4:15AM ET",price_change,UP,0.51,1111,0.64,0.65
2026-01-13 17:01:30,809,"Bitcoin Up or Down - January 13, 4:00AM-4:15AM ET",price_change,DOWN,0.3,1436.48,0.35,0.36
2026-01-13 17:01:30,809,"Bitcoin Up or Down - January 13, 4:00AM-4:15AM ET",price_change,UP,0.58,1145,0.64,0.65
2026-01-13 17:01:30,808,"Bitcoin Up or Down - January 13, 4:00AM-4:15AM ET",price_change,UP,0.61,2043.5,0.64,0.65
2026-01-13 17:01:31,808,"Bitcoin Up or Down - January 13, 4:00AM-4:15AM ET",price_change,DOWN,0.3,1491.48,0.35,0.36
2026-01-13 17:01:32,807,"Bitcoin Up or Down - January 13, 4:00AM-4:15AM ET",price_change,DOWN,0.33,1843,0.35,0.36
2026-01-13 17:01:32,807,"Bitcoin Up or Down - January 13, 4:00AM-4:15AM ET",price_change,UP,0.48,1216,0.64,0.65
2026-01-13 17:01:33,806,"Bitcoin Up or Down - January 13, 4:00AM-4:15AM ET",price_change,DOWN,0.3,1251.58,0.35,0.36
2026-01-13 17:01:33,806,"Bitcoin Up or Down - January 13, 4:00AM-4:15AM ET",price_change,UP,0.6,2278.92,0.64,0.65
2026-01-13 17:01:34,805,"Bitcoin Up or Down - January 13, 4:00AM-4:15AM ET",price_change,DOWN,0.35,59.77,0.35,0.36
2026-01-13 17:01:34,805,"Bitcoin Up or Down - January 13, 4:00AM-4:15AM ET",price_change,UP,0.3,775,0.64,0.65
2026-01-13 17:01:35,804,"Bitcoin Up or Down - January 13, 4:00AM-4:15AM ET",price_change,UP,0.37,1006,0.65,0.66
2026-01-13 17:01:35,804,"Bitcoin Up or Down - January 13, 4:00AM-4:15AM ET",price_change,DOWN,0.32,1226.82,0.34,0.35
2026-01-13 17:01:36,803,"Bitcoin Up or Down - January 13, 4:00AM-4:15AM ET",price_change,DOWN,0.29,1356.82,0.34,0.35
2026-01-13 17:01:36,803,"Bitcoin Up or Down - January 13, 4:00AM-4:15AM ET",price_change,UP,0.34,1013,0.65,0.66
2026-01-13 17:01:36,802,"Bitcoin Up or Down - January 13, 4:00AM-4:15AM ET",price_change,DOWN,0.16,963,0.34,0.35
2026-01-13 17:01:37,802,"Bitcoin Up or Down - January 13, 4:00AM-4:15AM ET",price_change,UP,0.63,1234.12,0.65,0.66
2026-01-13 17:01:38,801,"Bitcoin Up or Down - January 13, 4:00AM-4:15AM ET",price_change,DOWN,0.24,770,0.34,0.35
2026-01-13 17:01:38,801,"Bitcoin Up or Down - January 13, 4:00AM-4:15AM ET",price_change,UP,0.48,2165,0.65,0.66
2026-01-13 17:01:39,800,"Bitcoin Up or Down - January 13, 4:00AM-4:15AM ET",price_change,DOWN,0.28,1011,0.33,0.34
2026-01-13 17:01:39,800,"Bitcoin Up or Down - January 13, 4:00AM-4:15AM ET",price_change,UP,0.66,1938.93,0.66,0.67
2026-01-13 17:01:39,799,"Bitcoin Up or Down - January 13, 4:00AM-4:15AM ET",price_change,DOWN,0.28,1117.92,0.33,0.34
2026-01-13 17:01:39,799,"Bitcoin Up or Down - January 13, 4:00AM-4:15AM ET",price_change,UP,0.62,1815.92,0.66,0.67
2026-01-13 17:01:41,798,"Bitcoin Up or Down - January 13, 4:00AM-4:15AM ET",price_change,DOWN,0.31,177.5,0.33,0.34
2026-01-13 17:01:41,798,"Bitcoin Up or Down - January 13, 4:00AM-4:15AM ET",price_change,UP,0.37,1011,0.66,0.67
2026-01-13 17:01:41,797,"Bitcoin Up or Down - January 13, 4:00AM-4:15AM ET",price_change,DOWN,0.29,1155.92,0.33,0.34
2026-01-13 17:01:41,797,"Bitcoin Up or Down - January 13, 4:00AM-4:15AM ET",price_change,UP,0.63,1098,0.66,0.67
2026-01-13 17:01:43,796,"Bitcoin Up or Down - January 13, 4:00AM-4:15AM ET",price_change,UP,0.66,3161.71,0.66,0.67
2026-01-13 17:01:43,796,"Bitcoin Up or Down - January 13, 4:00AM-4:15AM ET",price_change,DOWN,0.32,157.32,0.33,0.34
2026-01-13 17:01:43,795,"Bitcoin Up or Down - January 13, 4:00AM-4:15AM ET",price_change,UP,0.68,95.38,0.68,0.69
2026-01-13 17:01:43,795,"Bitcoin Up or Down - January 13, 4:00AM-4:15AM ET",price_change,DOWN,0.29,1048.92,0.31,0.32
2026-01-13 17:01:45,794,"Bitcoin Up or Down - January 13, 4:00AM-4:15AM ET",price_change,DOWN,0.26,1078,0.31,0.32
2026-01-13 17:01:45,794,"Bitcoin Up or Down - January 13, 4:00AM-4:15AM ET",price_change,UP,0.59,1151,0.68,0.69
2026-01-13 17:01:45,793,"Bitcoin Up or Down - January 13, 4:00AM-4:15AM ET",price_change,DOWN,0.31,287.42,0.31,0.32
2026-01-13 17:01:45,793,"Bitcoin Up or Down - January 13, 4:00AM-4:15AM ET",price_change,UP,0.65,2321,0.68,0.69
2026-01-13 17:01:47,792,"Bitcoin Up or Down - January 13, 4:00AM-4:15AM ET",price_change,DOWN,0.26,1147.92,0.31,0.32
2026-01-13 17:01:47,792,"Bitcoin Up or Down - January 13, 4:00AM-4:15AM ET",price_change,UP,0.37,1026,0.68,0.69
2026-01-13 17:01:47,791,"Bitcoin Up or Down - January 13, 4:00AM-4:15AM ET",price_change,UP,0.68,2175.43,0.68,0.69
2026-01-13 17:01:47,791,"Bitcoin Up or Down - January 13, 4:00AM-4:15AM ET",price_change,DOWN,0.31,109.4,0.31,0.32
2026-01-13 17:01:49,790,"Bitcoin Up or Down - January 13, 4:00AM-4:15AM ET",price_change,DOWN,0.26,1137.92,0.3,0.31
2026-01-13 17:01:49,790,"Bitcoin Up or Down - January 13, 4:00AM-4:15AM ET",price_change,UP,0.64,1987.17,0.69,0.7
2026-01-13 17:01:49,789,"Bitcoin Up or Down - January 13, 4:00AM-4:15AM ET",price_change,UP,0.65,2387.92,0.69,0.7
2026-01-13 17:01:50,789,"Bitcoin Up or Down - January 13, 4:00AM-4:15AM ET",price_change,DOWN,0.27,1172.67,0.3,0.31
2026-01-13 17:01:50,788,"Bitcoin Up or Down - January 13, 4:00AM-4:15AM ET",price_change,DOWN,0.3,3010.5,0.31,0.32
2026-01-13 17:01:50,788,"Bitcoin Up or Down - January 13, 4:00AM-4:15AM ET",price_change,UP,0.68,885.5,0.68,0.69
2026-01-13 17:01:51,787,"Bitcoin Up or Down - January 13, 4:00AM-4:15AM ET",price_change,DOWN,0.3,2847.07,0.3,0.31
2026-01-13 17:01:51,787,"Bitcoin Up or Down - January 13, 4:00AM-4:15AM ET",price_change,UP,0.69,189.32,0.69,0.7
2026-01-13 17:01:52,786,"Bitcoin Up or Down - January 13, 4:00AM-4:15AM ET",price_change,UP,0.37,1011,0.68,0.69
2026-01-13 17:01:52,786,"Bitcoin Up or Down - January 13, 4:00AM-4:15AM ET",price_change,DOWN,0.27,1163.67,0.31,0.32
2026-01-13 17:01:53,785,"Bitcoin Up or Down - January 13, 4:00AM-4:15AM ET",price_change,DOWN,0.26,1177.92,0.32,0.33
2026-01-13 17:01:54,785,"Bitcoin Up or Down - January 13, 4:00AM-4:15AM ET",price_change,UP,0.67,1188.19,0.67,0.68
2026-01-13 17:01:54,784,"Bitcoin Up or Down - January 13, 4:00AM-4:15AM ET",price_change,UP,0.68,199.57,0.68,0.69
2026-01-13 17:01:54,784,"Bitcoin Up or Down - January 13, 4:00AM-4:15AM ET",price_change,DOWN,0.32,0,0.31,0.32
2026-01-13 17:01:56,783,"Bitcoin Up or Down - January 13, 4:00AM-4:15AM ET",price_change,UP,0.68,284.06,0.68,0.69
2026-01-13 17:01:56,783,"Bitcoin Up or Down - January 13, 4:00AM-4:15AM ET",price_change,DOWN,0.31,738.39,0.31,0.32
2026-01-13 17:01:56,782,"Bitcoin Up or Down - January 13, 4:00AM-4:15AM ET",price_change,UP,0.68,367.33,0.68,0.69
2026-01-13 17:01:57,782,"Bitcoin Up or Down - January 13, 4:00AM-4:15AM ET",price_change,DOWN,0.26,1137.92,0.31,0.32
2026-01-13 17:01:58,781,"Bitcoin Up or Down - January 13, 4:00AM-4:15AM ET",price_change,DOWN,0.26,1145.24,0.31,0.32
2026-01-13 17:01:58,781,"Bitcoin Up or Down - January 13, 4:00AM-4:15AM ET",price_change,UP,0.57,962.94,0.68,0.69
2026-01-13 17:01:59,780,"Bitcoin Up or Down - January 13, 4:00AM-4:15AM ET",price_change,DOWN,0.28,1565,0.31,0.32
2026-01-13 17:01:59,780,"Bitcoin Up or Down - January 13, 4:00AM-4:15AM ET",price_change,UP,0.68,2011.67,0.68,0.69
2026-01-13 17:01:59,779,"Bitcoin Up or Down - January 13, 4:00AM-4:15AM ET",price_change,UP,0.66,3629,0.68,0.69
2026-01-13 17:02:00,779,"Bitcoin Up or Down - January 13, 4:00AM-4:15AM ET",price_change,DOWN,0.28,909,0.31,0.32
2026-01-13 17:02:00,778,"Bitcoin Up or Down - January 13, 4:00AM-4:15AM ET",price_change,UP,0.67,2014.44,0.69,0.7
2026-01-13 17:02:00,778,"Bitcoin Up or Down - January 13, 4:00AM-4:15AM ET",price_change,DOWN,0.29,73,0.3,0.31
2026-01-13 17:02:01,777,"Bitcoin Up or Down - January 13, 4:00AM-4:15AM ET",price_change,DOWN,0.25,54.3,0.25,0.26
2026-01-13 17:02:01,777,"Bitcoin Up or Down - January 13, 4:00AM-4:15AM ET",price_change,UP,0.74,347.99,0.74,0.75
2026-01-13 17:02:02,776,"Bitcoin Up or Down - January 13, 4:00AM-4:15AM ET",price_change,DOWN,0.21,1290.92,0.24,0.26
2026-01-13 17:02:02,776,"Bitcoin Up or Down - January 13, 4:00AM-4:15AM ET",price_change,UP,0.71,188.92,0.74,0.76
2026-01-13 17:02:04,775,"Bitcoin Up or Down - January 13, 4:00AM-4:15AM ET",price_change,UP,0.73,441.16,0.73,0.75
2026-01-13 17:02:04,775,"Bitcoin Up or Down - January 13, 4:00AM-4:15AM ET",price_change,DOWN,0.24,1045.8,0.25,0.27
2026-01-13 17:02:04,774,"Bitcoin Up or Down - January 13, 4:00AM-4:15AM ET",price_change,DOWN,0.23,1163.58,0.26,0.27
2026-01-13 17:02:04,774,"Bitcoin Up or Down - January 13, 4:00AM-4:15AM ET",price_change,UP,0.72,143.3,0.73,0.74
2026-01-13 17:02:05,773,"Bitcoin Up or Down - January 13, 4:00AM-4:15AM ET",price_change,UP,0.74,1339.92,0.74,0.75
2026-01-13 17:02:06,773,"Bitcoin Up or Down - January 13, 4:00AM-4:15AM ET",price_change,DOWN,0.19,1112.92,0.25,0.26
2026-01-13 17:02:06,772,"Bitcoin Up or Down - January 13, 4:00AM-4:15AM ET",price_change,UP,0.73,2073.37,0.75,0.76
2026-01-13 17:02:07,772,"Bitcoin Up or Down - January 13, 4:00AM-4:15AM ET",price_change,DOWN,0.22,1289.07,0.24,0.25
2026-01-13 17:02:07,771,"Bitcoin Up or Down - January 13, 4:00AM-4:15AM ET",price_change,DOWN,0.2,1752.92,0.24,0.25
2026-01-13 17:02:07,771,"Bitcoin Up or Down - January 13, 4:00AM-4:15AM ET",price_change,UP,0.68,1515.17,0.75,0.76
2026-01-13 17:02:08,770,"Bitcoin Up or Down - January 13, 4:00AM-4:15AM ET",price_change,UP,0.73,2049.44,0.75,0.76
2026-01-13 17:02:09,770,"Bitcoin Up or Down - January 13, 4:00AM-4:15AM ET",price_change,DOWN,0.18,1022,0.24,0.25
2026-01-13 17:02:09,769,"Bitcoin Up or Down - January 13, 4:00AM-4:15AM ET",price_change,UP,0.8,38.44,0.8,0.81
2026-01-13 17:02:09,769,"Bitcoin Up or Down - January 13, 4:00AM-4:15AM ET",price_change,DOWN,0.15,1264.92,0.19,0.2
2026-01-13 17:02:10,768,"Bitcoin Up or Down - January 13, 4:00AM-4:15AM ET",price_change,DOWN,0.17,691,0.17,0.18
2026-01-13 17:02:10,768,"Bitcoin Up or Down - January 13, 4:00AM-4:15AM ET",price_change,UP,0.67,2248,0.82,0.83
2026-01-13 17:02:11,767,"Bitcoin Up or Down - January 13, 4:00AM-4:15AM ET",price_change,UP,0.81,1146.48,0.81,0.82
2026-01-13 17:02:12,767,"Bitcoin Up or Down - January 13, 4:00AM-4:15AM ET",price_change,DOWN,0.13,1250.92,0.18,0.19
2026-01-13 17:02:12,766,"Bitcoin Up or Down - January 13, 4:00AM-4:15AM ET",price_change,DOWN,0.13,1305.92,0.18,0.19
2026-01-13 17:02:12,766,"Bitcoin Up or Down - January 13, 4:00AM-4:15AM ET",price_change,UP,0.77,622.92,0.81,0.82
2026-01-13 17:02:13,765,"Bitcoin Up or Down - January 13, 4:00AM-4:15AM ET",price_change,DOWN,0.17,218.42,0.17,0.18
2026-01-13 17:02:13,765,"Bitcoin Up or Down - January 13, 4:00AM-4:15AM ET",price_change,UP,0.79,286,0.82,0.83
2026-01-13 17:02:14,764,"Bitcoin Up or Down - January 13, 4:00AM-4:15AM ET",price_change,UP,0.81,1676.92,0.82,0.83
2026-01-13 17:02:15,764,"Bitcoin Up or Down - January 13, 4:00AM-4:15AM ET",price_change,DOWN,0.13,1155.92,0.17,0.18
2026-01-13 17:02:16,763,"Bitcoin Up or Down - January 13, 4:00AM-4:15AM ET",price_change,DOWN,0.13,1168.92,0.17,0.18
2026-01-13 17:02:16,763,"Bitcoin Up or Down - January 13, 4:00AM-4:15AM ET",price_change,UP,0.75,1747,0.82,0.83
2026-01-13 17:02:16,762,"Bitcoin Up or Down - January 13, 4:00AM-4:15AM ET",price_change,UP,0.82,827.44,0.82,0.83
2026-01-13 17:02:17,762,"Bitcoin Up or Down - January 13, 4:00AM-4:15AM ET",price_change,DOWN,0.13,1168.92,0.17,0.18
2026-01-13 17:02:17,761,"Bitcoin Up or Down - January 13, 4:00AM-4:15AM ET",price_change,DOWN,0.14,1260.15,0.15,0.16
2026-01-13 17:02:17,761,"Bitcoin Up or Down - January 13, 4:00AM-4:15AM ET",price_change,UP,0.84,122.42,0.84,0.85
2026-01-13 17:02:18,760,"Bitcoin Up or Down - January 13, 4:00AM-4:15AM ET",price_change,UP,0.83,8,0.83,0.84
2026-01-13 17:02:18,760,"Bitcoin Up or Down - January 13, 4:00AM-4:15AM ET",price_change,DOWN,0.11,1144.58,0.16,0.17
2026-01-13 17:02:20,759,"Bitcoin Up or Down - January 13, 4:00AM-4:15AM ET",price_change,DOWN,0.12,1200.66,0.17,0.18
2026-01-13 17:02:20,759,"Bitcoin Up or Down - January 13, 4:00AM-4:15AM ET",price_change,UP,0.81,982.92,0.82,0.83
2026-01-13 17:02:20,758,"Bitcoin Up or Down - January 13, 4:00AM-4:15AM ET",price_change,DOWN,0.17,323.02,0.17,0.19
2026-01-13 17:02:21,758,"Bitcoin Up or Down - January 13, 4:00AM-4:15AM ET",price_change,UP,0.81,976.55,0.81,0.83
2026-01-13 17:02:22,757,"Bitcoin Up or Down - January 13, 4:00AM-4:15AM ET",price_change,UP,0.8,1112,0.82,0.83
2026-01-13 17:02:22,757,"Bitcoin Up or Down - January 13, 4:00AM-4:15AM ET",price_change,DOWN,0.12,1200.66,0.17,0.18
2026-01-13 17:02:23,756,"Bitcoin Up or Down - January 13, 4:00AM-4:15AM ET",price_change,DOWN,0.18,34.08,0.18,0.19
2026-01-13 17:02:23,756,"Bitcoin Up or Down - January 13, 4:00AM-4:15AM ET",price_change,UP,0.81,181.91,0.81,0.82
2026-01-13 17:02:24,755,"Bitcoin Up or Down - January 13, 4:00AM-4:15AM ET",price_change,DOWN,0.1,3761,0.18,0.19
2026-01-13 17:02:24,755,"Bitcoin Up or Down - January 13, 4:00AM-4:15AM ET",price_change,UP,0.81,1170.41,0.81,0.82
2026-01-13 17:02:24,754,"Bitcoin Up or Down - January 13, 4:00AM-4:15AM ET",price_change,DOWN,0.14,1264.07,0.18,0.19
2026-01-13 17:02:24,754,"Bitcoin Up or Down - January 13, 4:00AM-4:15AM ET",price_change,UP,0.8,1254.92,0.81,0.82
2026-01-13 17:02:25,753,"Bitcoin Up or Down - January 13, 4:00AM-4:15AM ET",price_change,DOWN,0.15,1481.25,0.18,0.19
2026-01-13 17:02:26,753,"Bitcoin Up or Down - January 13, 4:00AM-4:15AM ET",price_change,UP,0.66,1156,0.81,0.82
2026-01-13 17:02:26,752,"Bitcoin Up or Down - January 13, 4:00AM-4:15AM ET",price_change,UP,0.69,1186.71,0.81,0.82
2026-01-13 17:02:26,752,"Bitcoin Up or Down - January 13, 4:00AM-4:15AM ET",price_change,DOWN,0.11,1045.58,0.18,0.19
2026-01-13 17:02:28,751,"Bitcoin Up or Down - January 13, 4:00AM-4:15AM ET",price_change,DOWN,0.1,3761,0.18,0.19
2026-01-13 17:02:28,751,"Bitcoin Up or Down - January 13, 4:00AM-4:15AM ET",price_change,UP,0.02,7645.96,0.81,0.82
2026-01-13 17:02:28,750,"Bitcoin Up or Down - January 13, 4:00AM-4:15AM ET",price_change,DOWN,0.16,1336.86,0.18,0.19
2026-01-13 17:02:29,750,"Bitcoin Up or Down - January 13, 4:00AM-4:15AM ET",price_change,UP,0.79,1195.55,0.81,0.82
2026-01-13 17:02:30,749,"Bitcoin Up or Down - January 13, 4:00AM-4:15AM ET",price_change,UP,0.78,534.42,0.78,0.81
2026-01-13 17:02:30,749,"Bitcoin Up or Down - January 13, 4:00AM-4:15AM ET",price_change,DOWN,0.21,10,0.21,0.22
2026-01-13 17:02:30,748,"Bitcoin Up or Down - January 13, 4:00AM-4:15AM ET",price_change,DOWN,0.01,18439.6,0.21,0.22
2026-01-13 17:02:30,748,"Bitcoin Up or Down - January 13, 4:00AM-4:15AM ET",price_change,UP,0.21,12.8,0.78,0.79
2026-01-13 17:02:32,747,"Bitcoin Up or Down - January 13, 4:00AM-4:15AM ET",price_change,UP,0.68,1201.2,0.78,0.79
2026-01-13 17:02:32,747,"Bitcoin Up or Down - January 13, 4:00AM-4:15AM ET",price_change,DOWN,0.14,1144.15,0.21,0.22
2026-01-13 17:02:32,746,"Bitcoin Up or Down - January 13, 4:00AM-4:15AM ET",price_change,UP,0.71,690,0.78,0.79
2026-01-13 17:02:32,746,"Bitcoin Up or Down - January 13, 4:00AM-4:15AM ET",price_change,DOWN,0.13,1087,0.21,0.22
2026-01-13 17:02:33,745,"Bitcoin Up or Down - January 13, 4:00AM-4:15AM ET",price_change,DOWN,0.23,1737.57,0.27,0.28
2026-01-13 17:02:33,745,"Bitcoin Up or Down - January 13, 4:00AM-4:15AM ET",price_change,UP,0.62,1197.78,0.72,0.73
2026-01-13 17:02:34,744,"Bitcoin Up or Down - January 13, 4:00AM-4:15AM ET",price_change,DOWN,0.29,61.97,0.29,0.3
2026-01-13 17:02:34,744,"Bitcoin Up or Down - January 13, 4:00AM-4:15AM ET",price_change,UP,0.69,968.18,0.7,0.71
2026-01-13 17:02:35,743,"Bitcoin Up or Down - January 13, 4:00AM-4:15AM ET",price_change,DOWN,0.26,154.92,0.26,0.27
2026-01-13 17:02:35,743,"Bitcoin Up or Down - January 13, 4:00AM-4:15AM ET",price_change,UP,0.72,354.09,0.73,0.74
2026-01-13 17:02:36,742,"Bitcoin Up or Down - January 13, 4:00AM-4:15AM ET",price_change,UP,0.76,68,0.76,0.77
2026-01-13 17:02:36,742,"Bitcoin Up or Down - January 13, 4:00AM-4:15AM ET",price_change,DOWN,0.21,1187.11,0.23,0.24
2026-01-13 17:02:38,741,"Bitcoin Up or Down - January 13, 4:00AM-4:15AM ET",price_change,UP,0.01,18495.19,0.76,0.77
2026-01-13 17:02:38,741,"Bitcoin Up or Down - January 13, 4:00AM-4:15AM ET",price_change,DOWN,0.15,1091,0.23,0.24
2026-01-13 17:02:39,740,"Bitcoin Up or Down - January 13, 4:00AM-4:15AM ET",price_change,DOWN,0.16,1023.26,0.22,0.23
2026-01-13 17:02:39,740,"Bitcoin Up or Down - January 13, 4:00AM-4:15AM ET",price_change,UP,0.66,1101,0.77,0.78
2026-01-13 17:02:40,739,"Bitcoin Up or Down - January 13, 4:00AM-4:15AM ET",price_change,UP,0.76,1085.2,0.76,0.78
2026-01-13 17:02:40,739,"Bitcoin Up or Down - January 13, 4:00AM-4:15AM ET",price_change,DOWN,0.2,1556.02,0.22,0.24
2026-01-13 17:02:41,738,"Bitcoin Up or Down - January 13, 4:00AM-4:15AM ET",price_change,UP,0.56,2109.3,0.76,0.77
2026-01-13 17:02:41,738,"Bitcoin Up or Down - January 13, 4:00AM-4:15AM ET",price_change,DOWN,0.03,6391.58,0.23,0.24
2026-01-13 17:02:41,737,"Bitcoin Up or Down - January 13, 4:00AM-4:15AM ET",price_change,DOWN,0.2,1575.52,0.23,0.24
2026-01-13 17:02:42,737,"Bitcoin Up or Down - January 13, 4:00AM-4:15AM ET",price_change,UP,0.56,1116.3,0.76,0.77
2026-01-13 17:02:43,736,"Bitcoin Up or Down - January 13, 4:00AM-4:15AM ET",price_change,UP,0.76,1454.5,0.76,0.77
2026-01-13 17:02:43,736,"Bitcoin Up or Down - January 13, 4:00AM-4:15AM ET",price_change,DOWN,0.21,1213.8,0.23,0.24
2026-01-13 17:02:43,735,"Bitcoin Up or Down - January 13, 4:00AM-4:15AM ET",price_change,DOWN,0.21,1239.8,0.22,0.24
2026-01-13 17:02:43,735,"Bitcoin Up or Down - January 13, 4:00AM-4:15AM ET",price_change,UP,0.76,1054,0.76,0.78
2026-01-13 17:02:45,734,"Bitcoin Up or Down - January 13, 4:00AM-4:15AM ET",price_change,DOWN,0.03,14553.58,0.23,0.24
2026-01-13 17:02:45,734,"Bitcoin Up or Down - January 13, 4:00AM-4:15AM ET",price_change,UP,0.76,1797.31,0.76,0.77
2026-01-13 17:02:46,733,"Bitcoin Up or Down - January 13, 4:00AM-4:15AM ET",price_change,DOWN,0.16,1123.95,0.22,0.23
2026-01-13 17:02:46,733,"Bitcoin Up or Down - January 13, 4:00AM-4:15AM ET",price_change,UP,0.73,2129.92,0.77,0.78
2026-01-13 17:02:46,732,"Bitcoin Up or Down - January 13, 4:00AM-4:15AM ET",price_change,UP,0.73,2144.92,0.77,0.78
2026-01-13 17:02:46,732,"Bitcoin Up or Down - January 13, 4:00AM-4:15AM ET",price_change,DOWN,0.18,3148.21,0.22,0.23
2026-01-13 17:02:47,731,"Bitcoin Up or Down - January 13, 4:00AM-4:15AM ET",price_change,DOWN,0.19,1397.58,0.23,0.24
2026-01-13 17:02:47,731,"Bitcoin Up or Down - January 13, 4:00AM-4:15AM ET",price_change,UP,0.7,1356.13,0.76,0.77
2026-01-13 17:02:48,730,"Bitcoin Up or Down - January 13, 4:00AM-4:15AM ET",price_change,UP,0.7,1406.13,0.76,0.78
2026-01-13 17:02:49,730,"Bitcoin Up or Down - January 13, 4:00AM-4:15AM ET",price_change,DOWN,0.19,1391.58,0.22,0.24
2026-01-13 17:02:50,729,"Bitcoin Up or Down - January 13, 4:00AM-4:15AM ET",price_change,UP,0.57,1846.97,0.77,0.78
2026-01-13 17:02:50,729,"Bitcoin Up or Down - January 13, 4:00AM-4:15AM ET",price_change,DOWN,0.22,926.6,0.22,0.23
2026-01-13 17:02:51,728,"Bitcoin Up or Down - January 13, 4:00AM-4:15AM ET",price_change,DOWN,0.21,1253.87,0.22,0.23
2026-01-13 17:02:51,728,"Bitcoin Up or Down - January 13, 4:00AM-4:15AM ET",price_change,UP,0.74,1094,0.77,0.78
2026-01-13 17:02:52,727,"Bitcoin Up or Down - January 13, 4:00AM-4:15AM ET",price_change,UP,0.77,1053,0.77,0.78
2026-01-13 17:02:52,727,"Bitcoin Up or Down - January 13, 4:00AM-4:15AM ET",price_change,DOWN,0.15,1129.19,0.22,0.23
2026-01-13 17:02:52,726,"Bitcoin Up or Down - January 13, 4:00AM-4:15AM ET",price_change,UP,0.57,872.97,0.77,0.78
2026-01-13 17:02:52,726,"Bitcoin Up or Down - January 13, 4:00AM-4:15AM ET",price_change,DOWN,0.22,1253.14,0.22,0.23
2026-01-13 17:02:53,725,"Bitcoin Up or Down - January 13, 4:00AM-4:15AM ET",price_change,DOWN,0.15,1146.19,0.22,0.23
2026-01-13 17:02:54,725,"Bitcoin Up or Down - January 13, 4:00AM-4:15AM ET",price_change,UP,0.68,1211.2,0.77,0.78
2026-01-13 17:02:54,724,"Bitcoin Up or Down - January 13, 4:00AM-4:15AM ET",price_change,DOWN,0.22,257.76,0.22,0.23
2026-01-13 17:02:55,724,"Bitcoin Up or Down - January 13, 4:00AM-4:15AM ET",price_change,UP,0.76,1369,0.77,0.78
2026-01-13 17:02:56,723,"Bitcoin Up or Down - January 13, 4:00AM-4:15AM ET",price_change,DOWN,0.17,1207.51,0.22,0.23
2026-01-13 17:02:56,723,"Bitcoin Up or Down - January 13, 4:00AM-4:15AM ET",price_change,UP,0.76,1375.5,0.77,0.78
2026-01-13 17:02:56,722,"Bitcoin Up or Down - January 13, 4:00AM-4:15AM ET",price_change,UP,0.75,1245.92,0.77,0.78
2026-01-13 17:02:57,722,"Bitcoin Up or Down - January 13, 4:00AM-4:15AM ET",price_change,DOWN,0.17,1207.51,0.22,0.23
2026-01-13 17:02:57,721,"Bitcoin Up or Down - January 13, 4:00AM-4:15AM ET",price_change,DOWN,0.21,1403.8,0.22,0.23
2026-01-13 17:02:57,721,"Bitcoin Up or Down - January 13, 4:00AM-4:15AM ET",price_change,UP,0.75,1324.92,0.77,0.78
2026-01-13 17:02:59,720,"Bitcoin Up or Down - January 13, 4:00AM-4:15AM ET",price_change,DOWN,0.17,1207.51,0.22,0.23
2026-01-13 17:02:59,720,"Bitcoin Up or Down - January 13, 4:00AM-4:15AM ET",price_change,UP,0.72,1173.64,0.77,0.78
2026-01-13 17:02:59,719,"Bitcoin Up or Down - January 13, 4:00AM-4:15AM ET",price_change,DOWN,0.22,540.99,0.22,0.23
2026-01-13 17:03:00,719,"Bitcoin Up or Down - January 13, 4:00AM-4:15AM ET",price_change,UP,0.73,2218.92,0.77,0.78
2026-01-13 17:03:00,718,"Bitcoin Up or Down - January 13, 4:00AM-4:15AM ET",price_change,UP,0.77,778.81,0.77,0.78
2026-01-13 17:03:01,718,"Bitcoin Up or Down - January 13, 4:00AM-4:15AM ET",price_change,DOWN,0.22,405,0.22,0.23
2026-01-13 17:03:01,717,"Bitcoin Up or Down - January 13, 4:00AM-4:15AM ET",price_change,DOWN,0.12,1269.96,0.21,0.22
2026-01-13 17:03:01,717,"Bitcoin Up or Down - January 13, 4:00AM-4:15AM ET",price_change,UP,0.77,2282.73,0.78,0.79
2026-01-13 17:03:02,716,"Bitcoin Up or Down - January 13, 4:00AM-4:15AM ET",price_change,DOWN,0.13,1195.5,0.18,0.19
2026-01-13 17:03:02,716,"Bitcoin Up or Down - January 13, 4:00AM-4:15AM ET",price_change,UP,0.78,1068,0.81,0.82
2026-01-13 17:03:03,715,"Bitcoin Up or Down - January 13, 4:00AM-4:15AM ET",price_change,UP,0.78,1203.92,0.81,0.82
2026-01-13 17:03:03,715,"Bitcoin Up or Down - January 13, 4:00AM-4:15AM ET",price_change,DOWN,0.18,154.03,0.18,0.19
2026-01-13 17:03:04,714,"Bitcoin Up or Down - January 13, 4:00AM-4:15AM ET",price_change,DOWN,0.18,98.24,0.18,0.19
2026-01-13 17:03:04,714,"Bitcoin Up or Down - January 13, 4:00AM-4:15AM ET",price_change,UP,0.56,1121.3,0.81,0.82
2026-01-13 17:03:06,713,"Bitcoin Up or Down - January 13, 4:00AM-4:15AM ET",price_change,DOWN,0.14,1274.87,0.18,0.19
2026-01-13 17:03:06,713,"Bitcoin Up or Down - January 13, 4:00AM-4:15AM ET",price_change,UP,0.59,1134.4,0.81,0.82
2026-01-13 17:03:06,712,"Bitcoin Up or Down - January 13, 4:00AM-4:15AM ET",price_change,UP,0.7,1324.85,0.81,0.82
2026-01-13 17:03:07,712,"Bitcoin Up or Down - January 13, 4:00AM-4:15AM ET",price_change,DOWN,0.13,1172.42,0.18,0.19
2026-01-13 17:03:08,711,"Bitcoin Up or Down - January 13, 4:00AM-4:15AM ET",price_change,DOWN,0.13,1162.42,0.18,0.19
2026-01-13 17:03:08,711,"Bitcoin Up or Down - January 13, 4:00AM-4:15AM ET",price_change,UP,0.81,2074.02,0.81,0.82
2026-01-13 17:03:08,710,"Bitcoin Up or Down - January 13, 4:00AM-4:15AM ET",price_change,DOWN,0.18,369.04,0.18,0.19
2026-01-13 17:03:09,710,"Bitcoin Up or Down - January 13, 4:00AM-4:15AM ET",price_change,UP,0.53,1056.2,0.81,0.82
2026-01-13 17:03:09,709,"Bitcoin Up or Down - January 13, 4:00AM-4:15AM ET",price_change,UP,0.78,2112,0.81,0.82
2026-01-13 17:03:10,709,"Bitcoin Up or Down - January 13, 4:00AM-4:15AM ET",price_change,DOWN,0.13,1056.5,0.18,0.19
2026-01-13 17:03:10,708,"Bitcoin Up or Down - January 13, 4:00AM-4:15AM ET",price_change,UP,0.81,1685.13,0.81,0.82
2026-01-13 17:03:10,708,"Bitcoin Up or Down - January 13, 4:00AM-4:15AM ET",price_change,DOWN,0.15,1388.44,0.18,0.19
2026-01-13 17:03:11,707,"Bitcoin Up or Down - January 13, 4:00AM-4:15AM ET",price_change,UP,0.81,2102.36,0.81,0.82
2026-01-13 17:03:11,707,"Bitcoin Up or Down - January 13, 4:00AM-4:15AM ET",price_change,DOWN,0.13,320.5,0.18,0.19
2026-01-13 17:03:13,706,"Bitcoin Up or Down - January 13, 4:00AM-4:15AM ET",price_change,UP,0.84,304.69,0.84,0.85
2026-01-13 17:03:13,706,"Bitcoin Up or Down - January 13, 4:00AM-4:15AM ET",price_change,DOWN,0.13,387,0.15,0.16
2026-01-13 17:03:13,705,"Bitcoin Up or Down - January 13, 4:00AM-4:15AM ET",price_change,UP,0.87,124.61,0.87,0.88
2026-01-13 17:03:14,705,"Bitcoin Up or Down - January 13, 4:00AM-4:15AM ET",price_change,DOWN,0.12,648.14,0.12,0.13
2026-01-13 17:03:15,704,"Bitcoin Up or Down - January 13, 4:00AM-4:15AM ET",price_change,DOWN,0.09,1779.15,0.13,0.14
2026-01-13 17:03:15,704,"Bitcoin Up or Down - January 13, 4:00AM-4:15AM ET",price_change,UP,0.85,1196.51,0.86,0.87
2026-01-13 17:03:16,703,"Bitcoin Up or Down - January 13, 4:00AM-4:15AM ET",price_change,DOWN,0.07,1965.42,0.12,0.13
2026-01-13 17:03:16,703,"Bitcoin Up or Down - January 13, 4:00AM-4:15AM ET",price_change,UP,0.7,1245.33,0.87,0.88
2026-01-13 17:03:16,702,"Bitcoin Up or Down - January 13, 4:00AM-4:15AM ET",price_change,DOWN,0.11,160.45,0.11,0.13
2026-01-13 17:03:16,702,"Bitcoin Up or Down - January 13, 4:00AM-4:15AM ET",price_change,UP,0.75,1121,0.87,0.89
2026-01-13 17:03:17,701,"Bitcoin Up or Down - January 13, 4:00AM-4:15AM ET",price_change,DOWN,0.11,88.38,0.11,0.12
2026-01-13 17:03:18,701,"Bitcoin Up or Down - January 13, 4:00AM-4:15AM ET",price_change,UP,0.88,3124.27,0.88,0.89
2026-01-13 17:03:19,700,"Bitcoin Up or Down - January 13, 4:00AM-4:15AM ET",price_change,DOWN,0.02,8854.17,0.11,0.12
2026-01-13 17:03:19,700,"Bitcoin Up or Down - January 13, 4:00AM-4:15AM ET",price_change,UP,0.88,2847.83,0.88,0.89
2026-01-13 17:03:19,699,"Bitcoin Up or Down - January 13, 4:00AM-4:15AM ET",price_change,UP,0.03,5896.58,0.88,0.89
2026-01-13 17:03:19,699,"Bitcoin Up or Down - January 13, 4:00AM-4:15AM ET",price_change,DOWN,0.08,1285.62,0.11,0.12
2026-01-13 17:03:21,698,"Bitcoin Up or Down - January 13, 4:00AM-4:15AM ET",price_change,DOWN,0.06,1676.42,0.11,0.12
2026-01-13 17:03:21,698,"Bitcoin Up or Down - January 13, 4:00AM-4:15AM ET",price_change,UP,0.88,2880.6,0.88,0.89
2026-01-13 17:03:22,697,"Bitcoin Up or Down - January 13, 4:00AM-4:15AM ET",price_change,DOWN,0.06,1676.42,0.11,0.12
2026-01-13 17:03:22,697,"Bitcoin Up or Down - January 13, 4:00AM-4:15AM ET",price_change,UP,0.87,2212.42,0.88,0.89
2026-01-13 17:03:22,696,"Bitcoin Up or Down - January 13, 4:00AM-4:15AM ET",price_change,UP,0.87,1997.92,0.87,0.89
2026-01-13 17:03:23,696,"Bitcoin Up or Down - January 13, 4:00AM-4:15AM ET",price_change,DOWN,0.1,1035.3,0.11,0.13
2026-01-13 17:03:24,695,"Bitcoin Up or Down - January 13, 4:00AM-4:15AM ET",price_change,DOWN,0.07,1880.42,0.12,0.13
2026-01-13 17:03:24,695,"Bitcoin Up or Down - January 13, 4:00AM-4:15AM ET",price_change,UP,0.86,2112.27,0.87,0.88
2026-01-13 17:03:25,694,"Bitcoin Up or Down - January 13, 4:00AM-4:15AM ET",price_change,DOWN,0.07,1980.42,0.12,0.13
2026-01-13 17:03:25,694,"Bitcoin Up or Down - January 13, 4:00AM-4:15AM ET",price_change,UP,0.87,1871.12,0.87,0.88
2026-01-13 17:03:26,693,"Bitcoin Up or Down - January 13, 4:00AM-4:15AM ET",price_change,UP,0.88,44.5,0.88,0.89
2026-01-13 17:03:26,693,"Bitcoin Up or Down - January 13, 4:00AM-4:15AM ET",price_change,DOWN,0.03,6547.72,0.11,0.12
2026-01-13 17:03:26,692,"Bitcoin Up or Down - January 13, 4:00AM-4:15AM ET",price_change,DOWN,0.01,18707.36,0.11,0.12
2026-01-13 17:03:26,692,"Bitcoin Up or Down - January 13, 4:00AM-4:15AM ET",price_change,UP,0.73,1167.6,0.88,0.89
2026-01-13 17:03:27,691,"Bitcoin Up or Down - January 13, 4:00AM-4:15AM ET",price_change,DOWN,0.04,673.57,0.08,0.1
2026-01-13 17:03:27,691,"Bitcoin Up or Down - January 13, 4:00AM-4:15AM ET",price_change,UP,0.9,467,0.9,0.92
2026-01-13 17:03:28,690,"Bitcoin Up or Down - January 13, 4:00AM-4:15AM ET",price_change,DOWN,0.06,682.5,0.08,0.09
2026-01-13 17:03:28,690,"Bitcoin Up or Down - January 13, 4:00AM-4:15AM ET",price_change,UP,0.9,1339.42,0.91,0.92
2026-01-13 17:03:29,689,"Bitcoin Up or Down - January 13, 4:00AM-4:15AM ET",price_change,DOWN,0.06,569.5,0.08,0.09
2026-01-13 17:03:29,689,"Bitcoin Up or Down - January 13, 4:00AM-4:15AM ET",price_change,UP,0.91,2117.94,0.91,0.92
2026-01-13 17:03:30,688,"Bitcoin Up or Down - January 13, 4:00AM-4:15AM ET",price_change,UP,0.93,928.44,0.94,0.95
2026-01-13 17:03:30,688,"Bitcoin Up or Down - January 13, 4:00AM-4:15AM ET",price_change,DOWN,0.05,0,0.04,0.06
2026-01-13 17:03:31,687,"Bitcoin Up or Down - January 13, 4:00AM-4:15AM ET",price_change,DOWN,0.05,280.47,0.05,0.06
2026-01-13 17:03:31,687,"Bitcoin Up or Down - January 13, 4:00AM-4:15AM ET",price_change,UP,0.93,315,0.94,0.95
2026-01-13 17:03:33,686,"Bitcoin Up or Down - January 13, 4:00AM-4:15AM ET",price_change,UP,0.9,961.32,0.9,0.94
2026-01-13 17:03:33,686,"Bitcoin Up or Down - January 13, 4:00AM-4:15AM ET",price_change,DOWN,0.01,15480.28,0.06,0.1
2026-01-13 17:03:34,685,"Bitcoin Up or Down - January 13, 4:00AM-4:15AM ET",price_change,UP,0.91,729.5,0.91,0.93
2026-01-13 17:03:34,685,"Bitcoin Up or Down - January 13, 4:00AM-4:15AM ET",price_change,DOWN,0.05,222.8,0.07,0.09
2026-01-13 17:03:34,684,"Bitcoin Up or Down - January 13, 4:00AM-4:15AM ET",price_change,UP,0.91,287.57,0.91,0.92
2026-01-13 17:03:34,684,"Bitcoin Up or Down - January 13, 4:00AM-4:15AM ET",price_change,DOWN,0.06,1541.92,0.08,0.09
2026-01-13 17:03:35,683,"Bitcoin Up or Down - January 13, 4:00AM-4:15AM ET",price_change,DOWN,0.09,1058.35,0.09,0.1
2026-01-13 17:03:35,683,"Bitcoin Up or Down - January 13, 4:00AM-4:15AM ET",price_change,UP,0.69,1088.47,0.9,0.91
2026-01-13 17:03:36,682,"Bitcoin Up or Down - January 13, 4:00AM-4:15AM ET",price_change,DOWN,0.09,1695.89,0.1,0.11
2026-01-13 17:03:36,682,"Bitcoin Up or Down - January 13, 4:00AM-4:15AM ET",price_change,UP,0.84,921.92,0.89,0.9
2026-01-13 17:03:37,681,"Bitcoin Up or Down - January 13, 4:00AM-4:15AM ET",price_change,UP,0.86,800,0.88,0.89
2026-01-13 17:03:37,681,"Bitcoin Up or Down - January 13, 4:00AM-4:15AM ET",price_change,DOWN,0.09,1339.31,0.11,0.12
2026-01-13 17:03:39,680,"Bitcoin Up or Down - January 13, 4:00AM-4:15AM ET",price_change,UP,0.87,407.34,0.87,0.88
2026-01-13 17:03:39,680,"Bitcoin Up or Down - January 13, 4:00AM-4:15AM ET",price_change,DOWN,0.12,88,0.12,0.13
2026-01-13 17:03:39,679,"Bitcoin Up or Down - January 13, 4:00AM-4:15AM ET",price_change,DOWN,0.13,2954.54,0.13,0.14
2026-01-13 17:03:39,679,"Bitcoin Up or Down - January 13, 4:00AM-4:15AM ET",price_change,UP,0.8,982,0.86,0.87
2026-01-13 17:03:40,678,"Bitcoin Up or Down - January 13, 4:00AM-4:15AM ET",price_change,UP,0.81,387.71,0.81,0.83
2026-01-13 17:03:40,678,"Bitcoin Up or Down - January 13, 4:00AM-4:15AM ET",price_change,DOWN,0.13,2396.95,0.17,0.19
2026-01-13 17:03:41,677,"Bitcoin Up or Down - January 13, 4:00AM-4:15AM ET",price_change,DOWN,0.18,2078.96,0.18,0.2
2026-01-13 17:03:41,677,"Bitcoin Up or Down - January 13, 4:00AM-4:15AM ET",price_change,UP,0.75,320,0.8,0.82
2026-01-13 17:03:43,676,"Bitcoin Up or Down - January 13, 4:00AM-4:15AM ET",price_change,DOWN,0.19,590.46,0.19,0.2
2026-01-13 17:03:43,676,"Bitcoin Up or Down - January 13, 4:00AM-4:15AM ET",price_change,UP,0.66,1006,0.8,0.81
2026-01-13 17:03:43,675,"Bitcoin Up or Down - January 13, 4:00AM-4:15AM ET",price_change,DOWN,0.18,1041.79,0.19,0.2
2026-01-13 17:03:43,675,"Bitcoin Up or Down - January 13, 4:00AM-4:15AM ET",price_change,UP,0.8,1082.84,0.8,0.81
2026-01-13 17:03:45,674,"Bitcoin Up or Down - January 13, 4:00AM-4:15AM ET",price_change,DOWN,0.11,1394.35,0.19,0.2
2026-01-13 17:03:45,674,"Bitcoin Up or Down - January 13, 4:00AM-4:15AM ET",price_change,UP,0.8,1037.14,0.8,0.81
2026-01-13 17:03:45,673,"Bitcoin Up or Down - January 13, 4:00AM-4:15AM ET",price_change,DOWN,0.18,2600.2,0.18,0.19
2026-01-13 17:03:45,673,"Bitcoin Up or Down - January 13, 4:00AM-4:15AM ET",price_change,UP,0.69,1112.47,0.81,0.82
2026-01-13 17:03:46,672,"Bitcoin Up or Down - January 13, 4:00AM-4:15AM ET",price_change,DOWN,0.21,136.8,0.21,0.22
2026-01-13 17:03:47,672,"Bitcoin Up or Down - January 13, 4:00AM-4:15AM ET",price_change,UP,0.77,1163.36,0.78,0.79
2026-01-13 17:03:47,671,"Bitcoin Up or Down - January 13, 4:00AM-4:15AM ET",price_change,DOWN,0.22,1.6,0.22,0.23
2026-01-13 17:03:47,671,"Bitcoin Up or Down - January 13, 4:00AM-4:15AM ET",price_change,UP,0.77,1092.23,0.77,0.78
2026-01-13 17:03:48,670,"Bitcoin Up or Down - January 13, 4:00AM-4:15AM ET",price_change,UP,0.79,167.76,0.79,0.8
2026-01-13 17:03:48,670,"Bitcoin Up or Down - January 13, 4:00AM-4:15AM ET",price_change,DOWN,0.2,131.21,0.2,0.21
2026-01-13 17:03:50,669,"Bitcoin Up or Down - January 13, 4:00AM-4:15AM ET",price_change,DOWN,0.19,1099.03,0.19,0.2
2026-01-13 17:03:50,669,"Bitcoin Up or Down - January 13, 4:00AM-4:15AM ET",price_change,UP,0.78,96.28,0.8,0.81
2026-01-13 17:03:51,668,"Bitcoin Up or Down - January 13, 4:00AM-4:15AM ET",price_change,DOWN,0.13,1770.03,0.19,0.2
2026-01-13 17:03:51,668,"Bitcoin Up or Down - January 13, 4:00AM-4:15AM ET",price_change,UP,0.67,2153,0.8,0.81
2026-01-13 17:03:51,667,"Bitcoin Up or Down - January 13, 4:00AM-4:15AM ET",price_change,UP,0.8,1414.18,0.8,0.81
2026-01-13 17:03:51,667,"Bitcoin Up or Down - January 13, 4:00AM-4:15AM ET",price_change,DOWN,0.05,2312.45,0.19,0.2
2026-01-13 17:03:53,666,"Bitcoin Up or Down - January 13, 4:00AM-4:15AM ET",price_change,DOWN,0.11,1586.16,0.17,0.18
2026-01-13 17:03:53,666,"Bitcoin Up or Down - January 13, 4:00AM-4:15AM ET",price_change,UP,0.81,257.38,0.82,0.83
2026-01-13 17:03:54,665,"Bitcoin Up or Down - January 13, 4:00AM-4:15AM ET",price_change,DOWN,0.11,1776.16,0.17,0.18
2026-01-13 17:03:54,665,"Bitcoin Up or Down - January 13, 4:00AM-4:15AM ET",price_change,UP,0.82,249.55,0.82,0.83
2026-01-13 17:03:54,664,"Bitcoin Up or Down - January 13, 4:00AM-4:15AM ET",price_change,UP,0.81,918.38,0.82,0.84
2026-01-13 17:03:55,664,"Bitcoin Up or Down - January 13, 4:00AM-4:15AM ET",price_change,DOWN,0.11,1826.16,0.16,0.17
2026-01-13 17:03:56,663,"Bitcoin Up or Down - January 13, 4:00AM-4:15AM ET",price_change,DOWN,0.11,1826.16,0.16,0.18
2026-01-13 17:03:56,663,"Bitcoin Up or Down - January 13, 4:00AM-4:15AM ET",price_change,UP,0.78,857.1,0.82,0.84
2026-01-13 17:03:56,662,"Bitcoin Up or Down - January 13, 4:00AM-4:15AM ET",price_change,UP,0.82,420.67,0.82,0.83
2026-01-13 17:03:56,662,"Bitcoin Up or Down - January 13, 4:00AM-4:15AM ET",price_change,DOWN,0.17,43.95,0.17,0.18
2026-01-13 17:03:57,661,"Bitcoin Up or Down - January 13, 4:00AM-4:15AM ET",price_change,UP,0.81,957.88,0.82,0.83
2026-01-13 17:03:57,661,"Bitcoin Up or Down - January 13, 4:00AM-4:15AM ET",price_change,DOWN,0.17,1262,0.17,0.18
2026-01-13 17:03:58,660,"Bitcoin Up or Down - January 13, 4:00AM-4:15AM ET",price_change,DOWN,0.17,1282.55,0.17,0.18
2026-01-13 17:03:58,660,"Bitcoin Up or Down - January 13, 4:00AM-4:15AM ET",price_change,UP,0.8,1351.85,0.82,0.83
2026-01-13 17:04:00,659,"Bitcoin Up or Down - January 13, 4:00AM-4:15AM ET",price_change,DOWN,0.17,1044.3,0.17,0.18
2026-01-13 17:04:00,659,"Bitcoin Up or Down - January 13, 4:00AM-4:15AM ET",price_change,UP,0.78,1051.1,0.82,0.83
2026-01-13 17:04:01,658,"Bitcoin Up or Down - January 13, 4:00AM-4:15AM ET",price_change,UP,0.82,152.95,0.82,0.83
2026-01-13 17:04:01,658,"Bitcoin Up or Down - January 13, 4:00AM-4:15AM ET",price_change,DOWN,0.02,7251,0.17,0.18
2026-01-13 17:04:02,657,"Bitcoin Up or Down - January 13, 4:00AM-4:15AM ET",price_change,UP,0.83,1676.22,0.83,0.84
2026-01-13 17:04:02,657,"Bitcoin Up or Down - January 13, 4:00AM-4:15AM ET",price_change,DOWN,0.16,10,0.16,0.17
2026-01-13 17:04:02,656,"Bitcoin Up or Down - January 13, 4:00AM-4:15AM ET",price_change,UP,0.74,1097,0.84,0.85
2026-01-13 17:04:02,656,"Bitcoin Up or Down - January 13, 4:00AM-4:15AM ET",price_change,DOWN,0.14,1203.78,0.15,0.16
2026-01-13 17:04:04,655,"Bitcoin Up or Down - January 13, 4:00AM-4:15AM ET",price_change,DOWN,0.09,1767.15,0.14,0.15
2026-01-13 17:04:04,655,"Bitcoin Up or Down - January 13, 4:00AM-4:15AM ET",price_change,UP,0.83,452.99,0.85,0.86
2026-01-13 17:04:04,654,"Bitcoin Up or Down - January 13, 4:00AM-4:15AM ET",price_change,UP,0.85,217.8,0.85,0.86
2026-01-13 17:04:04,654,"Bitcoin Up or Down - January 13, 4:00AM-4:15AM ET",price_change,DOWN,0.06,1461,0.14,0.15
2026-01-13 17:04:06,653,"Bitcoin Up or Down - January 13, 4:00AM-4:15AM ET",price_change,DOWN,0.09,1755.15,0.13,0.14
2026-01-13 17:04:06,653,"Bitcoin Up or Down - January 13, 4:00AM-4:15AM ET",price_change,UP,0.84,305.88,0.86,0.87
2026-01-13 17:04:07,652,"Bitcoin Up or Down - January 13, 4:00AM-4:15AM ET",price_change,UP,0.86,105.5,0.86,0.87
2026-01-13 17:04:07,652,"Bitcoin Up or Down - January 13, 4:00AM-4:15AM ET",price_change,DOWN,0.13,405.02,0.13,0.14
2026-01-13 17:04:08,651,"Bitcoin Up or Down - January 13, 4:00AM-4:15AM ET",price_change,DOWN,0.09,1746.37,0.13,0.14
2026-01-13 17:04:08,651,"Bitcoin Up or Down - January 13, 4:00AM-4:15AM ET",price_change,UP,0.83,1161.95,0.86,0.87
2026-01-13 17:04:08,650,"Bitcoin Up or Down - January 13, 4:00AM-4:15AM ET",price_change,UP,0.86,1249.72,0.86,0.87
2026-01-13 17:04:08,650,"Bitcoin Up or Down - January 13, 4:00AM-4:15AM ET",price_change,DOWN,0.08,510.62,0.13,0.14
2026-01-13 17:04:10,649,"Bitcoin Up or Down - January 13, 4:00AM-4:15AM ET",price_change,DOWN,0.07,1391.92,0.1,0.11
2026-01-13 17:04:10,649,"Bitcoin Up or Down - January 13, 4:00AM-4:15AM ET",price_change,UP,0.82,463.45,0.89,0.9
2026-01-13 17:04:11,648,"Bitcoin Up or Down - January 13, 4:00AM-4:15AM ET",price_change,UP,0.9,58.8,0.9,0.91
2026-01-13 17:04:11,648,"Bitcoin Up or Down - January 13, 4:00AM-4:15AM ET",price_change,DOWN,0.08,543.2,0.09,0.1
2026-01-13 17:04:12,647,"Bitcoin Up or Down - January 13, 4:00AM-4:15AM ET",price_change,DOWN,0.09,4.32,0.09,0.1
2026-01-13 17:04:12,647,"Bitcoin Up or Down - January 13, 4:00AM-4:15AM ET",price_change,UP,0.87,95.97,0.9,0.91
2026-01-13 17:04:12,646,"Bitcoin Up or Down - January 13, 4:00AM-4:15AM ET",price_change,UP,0.74,2251.8,0.91,0.92
2026-01-13 17:04:12,646,"Bitcoin Up or Down - January 13, 4:00AM-4:15AM ET",price_change,DOWN,0.08,1108.53,0.08,0.09
2026-01-13 17:04:13,645,"Bitcoin Up or Down - January 13, 4:00AM-4:15AM ET",price_change,DOWN,0.08,1272.11,0.08,0.09
2026-01-13 17:04:13,645,"Bitcoin Up or Down - January 13, 4:00AM-4:15AM ET",price_change,UP,0.9,1058.36,0.91,0.92
2026-01-13 17:04:14,644,"Bitcoin Up or Down - January 13, 4:00AM-4:15AM ET",price_change,DOWN,0.05,2446.37,0.08,0.09
2026-01-13 17:04:15,644,"Bitcoin Up or Down - January 13, 4:00AM-4:15AM ET",price_change,UP,0.89,726.41,0.91,0.92
2026-01-13 17:04:15,643,"Bitcoin Up or Down - January 13, 4:00AM-4:15AM ET",price_change,DOWN,0.05,2546.37,0.08,0.09
2026-01-13 17:04:15,643,"Bitcoin Up or Down - January 13, 4:00AM-4:15AM ET",price_change,UP,0.87,1131.97,0.91,0.92
2026-01-13 17:04:16,642,"Bitcoin Up or Down - January 13, 4:00AM-4:15AM ET",price_change,DOWN,0.06,1995.25,0.08,0.09
2026-01-13 17:04:16,642,"Bitcoin Up or Down - January 13, 4:00AM-4:15AM ET",price_change,UP,0.91,193.2,0.91,0.92
2026-01-13 17:04:18,641,"Bitcoin Up or Down - January 13, 4:00AM-4:15AM ET",price_change,UP,0.89,742.5,0.89,0.9
2026-01-13 17:04:18,641,"Bitcoin Up or Down - January 13, 4:00AM-4:15AM ET",price_change,DOWN,0.01,15488.21,0.1,0.11
2026-01-13 17:04:19,640,"Bitcoin Up or Down - January 13, 4:00AM-4:15AM ET",price_change,DOWN,0.09,2478.82,0.11,0.12
2026-01-13 17:04:19,640,"Bitcoin Up or Down - January 13, 4:00AM-4:15AM ET",price_change,UP,0.82,496.95,0.88,0.89
2026-01-13 17:04:19,639,"Bitcoin Up or Down - January 13, 4:00AM-4:15AM ET",price_change,DOWN,0.05,2200.37,0.1,0.11
2026-01-13 17:04:19,639,"Bitcoin Up or Down - January 13, 4:00AM-4:15AM ET",price_change,UP,0.88,2060.18,0.89,0.9
2026-01-13 17:04:20,638,"Bitcoin Up or Down - January 13, 4:00AM-4:15AM ET",price_change,DOWN,0.08,3188.37,0.1,0.11
2026-01-13 17:04:20,638,"Bitcoin Up or Down - January 13, 4:00AM-4:15AM ET",price_change,UP,0.86,1167.01,0.89,0.9
2026-01-13 17:04:21,637,"Bitcoin Up or Down - January 13, 4:00AM-4:15AM ET",price_change,DOWN,0.08,2459.92,0.08,0.09
2026-01-13 17:04:21,637,"Bitcoin Up or Down - January 13, 4:00AM-4:15AM ET",price_change,UP,0.9,177.71,0.91,0.92
2026-01-13 17:04:22,636,"Bitcoin Up or Down - January 13, 4:00AM-4:15AM ET",price_change,UP,0.87,1136.97,0.91,0.92
2026-01-13 17:04:22,636,"Bitcoin Up or Down - January 13, 4:00AM-4:15AM ET",price_change,DOWN,0.08,2595.84,0.08,0.09
2026-01-13 17:04:24,635,"Bitcoin Up or Down - January 13, 4:00AM-4:15AM ET",price_change,DOWN,0.05,2179.37,0.08,0.09
2026-01-13 17:04:24,635,"Bitcoin Up or Down - January 13, 4:00AM-4:15AM ET",price_change,UP,0.85,1092.59,0.91,0.92
2026-01-13 17:04:24,634,"Bitcoin Up or Down - January 13, 4:00AM-4:15AM ET",price_change,UP,0.91,858.66,0.91,0.92
2026-01-13 17:04:24,634,"Bitcoin Up or Down - January 13, 4:00AM-4:15AM ET",price_change,DOWN,0.05,2326.73,0.08,0.09
2026-01-13 17:04:25,633,"Bitcoin Up or Down - January 13, 4:00AM-4:15AM ET",price_change,UP,0.91,1251.65,0.91,0.92
2026-01-13 17:04:25,633,"Bitcoin Up or Down - January 13, 4:00AM-4:15AM ET",price_change,DOWN,0.05,2182.73,0.08,0.09
2026-01-13 17:04:27,632,"Bitcoin Up or Down - January 13, 4:00AM-4:15AM ET",price_change,DOWN,0.05,2072.73,0.08,0.09
2026-01-13 17:04:27,632,"Bitcoin Up or Down - January 13, 4:00AM-4:15AM ET",price_change,UP,0.79,1021,0.91,0.92
2026-01-13 17:04:28,631,"Bitcoin Up or Down - January 13, 4:00AM-4:15AM ET",price_change,DOWN,0.05,1967.73,0.08,0.09
2026-01-13 17:04:28,631,"Bitcoin Up or Down - January 13, 4:00AM-4:15AM ET",price_change,UP,0.9,1127,0.91,0.92
2026-01-13 17:04:28,630,"Bitcoin Up or Down - January 13, 4:00AM-4:15AM ET",price_change,DOWN,0.05,2017.73,0.08,0.09
2026-01-13 17:04:29,630,"Bitcoin Up or Down - January 13, 4:00AM-4:15AM ET",price_change,UP,0.91,790.7,0.91,0.92
2026-01-13 17:04:30,629,"Bitcoin Up or Down - January 13, 4:00AM-4:15AM ET",price_change,DOWN,0.08,2105.55,0.08,0.09
2026-01-13 17:04:30,629,"Bitcoin Up or Down - January 13, 4:00AM-4:15AM ET",price_change,UP,0.88,1113.61,0.91,0.92
2026-01-13 17:04:30,628,"Bitcoin Up or Down - January 13, 4:00AM-4:15AM ET",price_change,DOWN,0.05,2075.73,0.08,0.09
2026-01-13 17:04:31,628,"Bitcoin Up or Down - January 13, 4:00AM-4:15AM ET",price_change,UP,0.74,2251.8,0.91,0.92
2026-01-13 17:04:31,627,"Bitcoin Up or Down - January 13, 4:00AM-4:15AM ET",price_change,DOWN,0.05,1995.73,0.08,0.09
2026-01-13 17:04:32,627,"Bitcoin Up or Down - January 13, 4:00AM-4:15AM ET",price_change,UP,0.87,1141.97,0.91,0.92
2026-01-13 17:04:33,626,"Bitcoin Up or Down - January 13, 4:00AM-4:15AM ET",price_change,DOWN,0.07,660.3,0.08,0.09
2026-01-13 17:04:33,626,"Bitcoin Up or Down - January 13, 4:00AM-4:15AM ET",price_change,UP,0.91,429.67,0.91,0.92
2026-01-13 17:04:34,625,"Bitcoin Up or Down - January 13, 4:00AM-4:15AM ET",price_change,DOWN,0.05,1890.73,0.08,0.09
2026-01-13 17:04:34,625,"Bitcoin Up or Down - January 13, 4:00AM-4:15AM ET",price_change,UP,0.87,1121.97,0.91,0.92
2026-01-13 17:04:35,624,"Bitcoin Up or Down - January 13, 4:00AM-4:15AM ET",price_change,DOWN,0.05,1856.73,0.09,0.1
2026-01-13 17:04:35,624,"Bitcoin Up or Down - January 13, 4:00AM-4:15AM ET",price_change,UP,0.84,1126.35,0.9,0.91
2026-01-13 17:04:36,623,"Bitcoin Up or Down - January 13, 4:00AM-4:15AM ET",price_change,DOWN,0.05,1876.73,0.09,0.1
2026-01-13 17:04:36,623,"Bitcoin Up or Down - January 13, 4:00AM-4:15AM ET",price_change,UP,0.87,1150.97,0.9,0.91
2026-01-13 17:04:36,622,"Bitcoin Up or Down - January 13, 4:00AM-4:15AM ET",price_change,UP,0.9,2242.17,0.91,0.92
2026-01-13 17:04:37,622,"Bitcoin Up or Down - January 13, 4:00AM-4:15AM ET",price_change,DOWN,0.04,2204.83,0.08,0.09
2026-01-13 17:04:37,621,"Bitcoin Up or Down - January 13, 4:00AM-4:15AM ET",price_change,UP,0.84,1141.35,0.91,0.92
2026-01-13 17:04:38,621,"Bitcoin Up or Down - January 13, 4:00AM-4:15AM ET",price_change,DOWN,0.04,1704.83,0.08,0.09
2026-01-13 17:04:38,620,"Bitcoin Up or Down - January 13, 4:00AM-4:15AM ET",price_change,UP,0.89,1225.92,0.9,0.91
2026-01-13 17:04:38,620,"Bitcoin Up or Down - January 13, 4:00AM-4:15AM ET",price_change,DOWN,0.02,104549.19,0.09,0.1
2026-01-13 17:04:40,619,"Bitcoin Up or Down - January 13, 4:00AM-4:15AM ET",price_change,DOWN,0.05,1752.57,0.08,0.09
2026-01-13 17:04:40,619,"Bitcoin Up or Down - January 13, 4:00AM-4:15AM ET",price_change,UP,0.01,18753.33,0.91,0.92
2026-01-13 17:04:41,618,"Bitcoin Up or Down - January 13, 4:00AM-4:15AM ET",price_change,DOWN,0.04,1684.83,0.08,0.09
2026-01-13 17:04:41,618,"Bitcoin Up or Down - January 13, 4:00AM-4:15AM ET",price_change,UP,0.9,2273.17,0.91,0.92
2026-01-13 17:04:42,617,"Bitcoin Up or Down - January 13, 4:00AM-4:15AM ET",price_change,DOWN,0.05,822.57,0.08,0.09
2026-01-13 17:04:42,617,"Bitcoin Up or Down - January 13, 4:00AM-4:15AM ET",price_change,UP,0.91,1418,0.91,0.92
2026-01-13 17:04:42,616,"Bitcoin Up or Down - January 13, 4:00AM-4:15AM ET",price_change,UP,0.91,1312.77,0.91,0.92
2026-01-13 17:04:42,616,"Bitcoin Up or Down - January 13, 4:00AM-4:15AM ET",price_change,DOWN,0.05,822.57,0.08,0.09
2026-01-13 17:04:43,615,"Bitcoin Up or Down - January 13, 4:00AM-4:15AM ET",price_change,DOWN,0.05,828.57,0.08,0.09
2026-01-13 17:04:44,615,"Bitcoin Up or Down - January 13, 4:00AM-4:15AM ET",price_change,UP,0.91,1394.67,0.91,0.92
2026-01-13 17:04:44,614,"Bitcoin Up or Down - January 13, 4:00AM-4:15AM ET",price_change,UP,0.74,1017.8,0.91,0.92
2026-01-13 17:04:44,614,"Bitcoin Up or Down - January 13, 4:00AM-4:15AM ET",price_change,DOWN,0.04,1554.83,0.08,0.09
2026-01-13 17:04:45,613,"Bitcoin Up or Down - January 13, 4:00AM-4:15AM ET",price_change,DOWN,0.05,774.87,0.08,0.09
2026-01-13 17:04:45,613,"Bitcoin Up or Down - January 13, 4:00AM-4:15AM ET",price_change,UP,0.84,1131.74,0.91,0.92
2026-01-13 17:04:46,612,"Bitcoin Up or Down - January 13, 4:00AM-4:15AM ET",price_change,DOWN,0.07,597.41,0.07,0.08
2026-01-13 17:04:47,612,"Bitcoin Up or Down - January 13, 4:00AM-4:15AM ET",price_change,UP,0.92,1233,0.92,0.93
2026-01-13 17:04:47,611,"Bitcoin Up or Down - January 13, 4:00AM-4:15AM ET",price_change,UP,0.9,2250.28,0.92,0.93
2026-01-13 17:04:48,611,"Bitcoin Up or Down - January 13, 4:00AM-4:15AM ET",price_change,DOWN,0.05,651.87,0.07,0.08
2026-01-13 17:04:49,610,"Bitcoin Up or Down - January 13, 4:00AM-4:15AM ET",price_change,DOWN,0.06,499.5,0.07,0.08
2026-01-13 17:04:49,610,"Bitcoin Up or Down - January 13, 4:00AM-4:15AM ET",price_change,UP,0.82,441.05,0.92,0.93
2026-01-13 17:04:49,609,"Bitcoin Up or Down - January 13, 4:00AM-4:15AM ET",price_change,DOWN,0.07,497.88,0.07,0.08
2026-01-13 17:04:50,609,"Bitcoin Up or Down - January 13, 4:00AM-4:15AM ET",price_change,UP,0.83,1141.24,0.92,0.93
2026-01-13 17:04:51,608,"Bitcoin Up or Down - January 13, 4:00AM-4:15AM ET",price_change,DOWN,0.07,186.56,0.07,0.08
2026-01-13 17:04:51,608,"Bitcoin Up or Down - January 13, 4:00AM-4:15AM ET",price_change,UP,0.92,1066.03,0.92,0.93
2026-01-13 17:04:52,607,"Bitcoin Up or Down - January 13, 4:00AM-4:15AM ET",price_change,UP,0.89,1141.92,0.92,0.93
2026-01-13 17:04:52,607,"Bitcoin Up or Down - January 13, 4:00AM-4:15AM ET",price_change,DOWN,0.02,104076.11,0.07,0.08
2026-01-13 17:04:53,606,"Bitcoin Up or Down - January 13, 4:00AM-4:15AM ET",price_change,UP,0.81,1055.24,0.93,0.94
2026-01-13 17:04:53,606,"Bitcoin Up or Down - January 13, 4:00AM-4:15AM ET",price_change,DOWN,0.06,567.42,0.06,0.07
2026-01-13 17:04:54,605,"Bitcoin Up or Down - January 13, 4:00AM-4:15AM ET",price_change,UP,0.6,1057.4,0.93,0.94
2026-01-13 17:04:54,605,"Bitcoin Up or Down - January 13, 4:00AM-4:15AM ET",price_change,DOWN,0.02,103576.11,0.06,0.07
2026-01-13 17:04:54,604,"Bitcoin Up or Down - January 13, 4:00AM-4:15AM ET",price_change,DOWN,0.05,741.45,0.06,0.07
2026-01-13 17:04:55,604,"Bitcoin Up or Down - January 13, 4:00AM-4:15AM ET",price_change,UP,0.78,987.7,0.93,0.94
2026-01-13 17:04:55,603,"Bitcoin Up or Down - January 13, 4:00AM-4:15AM ET",price_change,UP,0.93,1085.65,0.93,0.94
2026-01-13 17:04:56,603,"Bitcoin Up or Down - January 13, 4:00AM-4:15AM ET",price_change,DOWN,0.02,103596.11,0.06,0.07
2026-01-13 17:04:57,602,"Bitcoin Up or Down - January 13, 4:00AM-4:15AM ET",price_change,UP,0.79,1028.8,0.93,0.94
2026-01-13 17:04:57,602,"Bitcoin Up or Down - January 13, 4:00AM-4:15AM ET",price_change,DOWN,0.02,103596.11,0.06,0.07
2026-01-13 17:04:57,601,"Bitcoin Up or Down - January 13, 4:00AM-4:15AM ET",price_change,DOWN,0.06,484.09,0.06,0.07
2026-01-13 17:04:58,601,"Bitcoin Up or Down - January 13, 4:00AM-4:15AM ET",price_change,UP,0.93,1783.36,0.93,0.94
2026-01-13 17:04:59,600,"Bitcoin Up or Down - January 13, 4:00AM-4:15AM ET",price_change,DOWN,0.03,1876.57,0.06,0.07
2026-01-13 17:04:59,600,"Bitcoin Up or Down - January 13, 4:00AM-4:15AM ET",price_change,UP,0.93,1768.86,0.93,0.94
2026-01-13 17:04:59,599,"Bitcoin Up or Down - January 13, 4:00AM-4:15AM ET",price_change,UP,0.93,766.78,0.93,0.94
2026-01-13 17:05:00,599,"Bitcoin Up or Down - January 13, 4:00AM-4:15AM ET",price_change,DOWN,0.06,422.21,0.06,0.07
2026-01-13 17:05:00,598,"Bitcoin Up or Down - January 13, 4:00AM-4:15AM ET",price_change,UP,0.84,1202.28,0.93,0.94
2026-01-13 17:05:01,598,"Bitcoin Up or Down - January 13, 4:00AM-4:15AM ET",price_change,DOWN,0.01,16950.88,0.06,0.07
2026-01-13 17:05:02,597,"Bitcoin Up or Down - January 13, 4:00AM-4:15AM ET",price_change,DOWN,0.02,103476.11,0.05,0.07
2026-01-13 17:05:02,597,"Bitcoin Up or Down - January 13, 4:00AM-4:15AM ET",price_change,UP,0.93,2032.98,0.93,0.95
2026-01-13 17:05:02,596,"Bitcoin Up or Down - January 13, 4:00AM-4:15AM ET",price_change,UP,0.94,898.47,0.94,0.95
2026-01-13 17:05:03,596,"Bitcoin Up or Down - January 13, 4:00AM-4:15AM ET",price_change,DOWN,0.05,754.17,0.05,0.06
2026-01-13 17:05:04,595,"Bitcoin Up or Down - January 13, 4:00AM-4:15AM ET",price_change,DOWN,0.03,1957.57,0.05,0.06
2026-01-13 17:05:04,595,"Bitcoin Up or Down - January 13, 4:00AM-4:15AM ET",price_change,UP,0.94,1041.23,0.94,0.95
2026-01-13 17:05:05,594,"Bitcoin Up or Down - January 13, 4:00AM-4:15AM ET",price_change,UP,0.94,932.1,0.94,0.95
2026-01-13 17:05:05,594,"Bitcoin Up or Down - January 13, 4:00AM-4:15AM ET",price_change,DOWN,0.05,532.84,0.05,0.06
2026-01-13 17:05:06,593,"Bitcoin Up or Down - January 13, 4:00AM-4:15AM ET",price_change,UP,0.94,1811.1,0.94,0.95
2026-01-13 17:05:06,593,"Bitcoin Up or Down - January 13, 4:00AM-4:15AM ET",price_change,DOWN,0.05,454.46,0.05,0.06
2026-01-13 17:05:07,592,"Bitcoin Up or Down - January 13, 4:00AM-4:15AM ET",price_change,DOWN,0.02,103426.11,0.05,0.06
2026-01-13 17:05:07,592,"Bitcoin Up or Down - January 13, 4:00AM-4:15AM ET",price_change,UP,0.92,1884.07,0.94,0.95
2026-01-13 17:05:08,591,"Bitcoin Up or Down - January 13, 4:00AM-4:15AM ET",price_change,UP,0.84,1207.28,0.94,0.95
2026-01-13 17:05:08,591,"Bitcoin Up or Down - January 13, 4:00AM-4:15AM ET",price_change,DOWN,0.02,103526.11,0.05,0.06
2026-01-13 17:05:09,590,"Bitcoin Up or Down - January 13, 4:00AM-4:15AM ET",price_change,UP,0.84,1202.28,0.94,0.95
2026-01-13 17:05:09,590,"Bitcoin Up or Down - January 13, 4:00AM-4:15AM ET",price_change,DOWN,0.02,103426.11,0.05,0.06
2026-01-13 17:05:10,589,"Bitcoin Up or Down - January 13, 4:00AM-4:15AM ET",price_change,DOWN,0.02,103426.11,0.05,0.06
2026-01-13 17:05:10,589,"Bitcoin Up or Down - January 13, 4:00AM-4:15AM ET",price_change,UP,0.84,1187.28,0.94,0.95
2026-01-13 17:05:11,588,"Bitcoin Up or Down - January 13, 4:00AM-4:15AM ET",price_change,UP,0.84,1192.28,0.94,0.95
2026-01-13 17:05:11,588,"Bitcoin Up or Down - January 13, 4:00AM-4:15AM ET",price_change,DOWN,0.03,1985.57,0.05,0.06
2026-01-13 17:05:12,587,"Bitcoin Up or Down - January 13, 4:00AM-4:15AM ET",price_change,UP,0.84,1177.28,0.94,0.95
2026-01-13 17:05:12,587,"Bitcoin Up or Down - January 13, 4:00AM-4:15AM ET",price_change,DOWN,0.05,395,0.05,0.06
2026-01-13 17:05:12,586,"Bitcoin Up or Down - January 13, 4:00AM-4:15AM ET",price_change,DOWN,0.02,102626.11,0.05,0.06
2026-01-13 17:05:13,586,"Bitcoin Up or Down - January 13, 4:00AM-4:15AM ET",price_change,UP,0.84,1172.28,0.94,0.95
2026-01-13 17:05:14,585,"Bitcoin Up or Down - January 13, 4:00AM-4:15AM ET",price_change,DOWN,0.02,102574.11,0.05,0.06
2026-01-13 17:05:14,585,"Bitcoin Up or Down - January 13, 4:00AM-4:15AM ET",price_change,UP,0.91,1434.19,0.94,0.95
2026-01-13 17:05:15,584,"Bitcoin Up or Down - January 13, 4:00AM-4:15AM ET",price_change,UP,0.84,1228.71,0.94,0.95
2026-01-13 17:05:15,584,"Bitcoin Up or Down - January 13, 4:00AM-4:15AM ET",price_change,DOWN,0.02,102574.11,0.05,0.06
2026-01-13 17:05:16,583,"Bitcoin Up or Down - January 13, 4:00AM-4:15AM ET",price_change,UP,0.84,1203.71,0.94,0.95
2026-01-13 17:05:16,583,"Bitcoin Up or Down - January 13, 4:00AM-4:15AM ET",price_change,DOWN,0.02,102527.81,0.05,0.06
2026-01-13 17:05:17,582,"Bitcoin Up or Down - January 13, 4:00AM-4:15AM ET",price_change,DOWN,0.02,102436.93,0.05,0.06
2026-01-13 17:05:17,582,"Bitcoin Up or Down - January 13, 4:00AM-4:15AM ET",price_change,UP,0.93,2341.9,0.94,0.95
2026-01-13 17:05:18,581,"Bitcoin Up or Down - January 13, 4:00AM-4:15AM ET",price_change,DOWN,0.02,102488.93,0.05,0.06
2026-01-13 17:05:18,581,"Bitcoin Up or Down - January 13, 4:00AM-4:15AM ET",price_change,UP,0.9,2591.82,0.94,0.95
2026-01-13 17:05:18,580,"Bitcoin Up or Down - January 13, 4:00AM-4:15AM ET",price_change,UP,0.87,1034,0.95,0.96
2026-01-13 17:05:18,580,"Bitcoin Up or Down - January 13, 4:00AM-4:15AM ET",price_change,DOWN,0.03,1355.65,0.04,0.05
2026-01-13 17:05:20,579,"Bitcoin Up or Down - January 13, 4:00AM-4:15AM ET",price_change,DOWN,0.03,1531.17,0.04,0.05
2026-01-13 17:05:20,579,"Bitcoin Up or Down - January 13, 4:00AM-4:15AM ET",price_change,UP,0.86,1017.6,0.95,0.96
2026-01-13 17:05:20,578,"Bitcoin Up or Down - January 13, 4:00AM-4:15AM ET",price_change,UP,0.9,2586.58,0.94,0.95
2026-01-13 17:05:20,578,"Bitcoin Up or Down - January 13, 4:00AM-4:15AM ET",price_change,DOWN,0.05,1569.33,0.05,0.06
2026-01-13 17:05:22,577,"Bitcoin Up or Down - January 13, 4:00AM-4:15AM ET",price_change,UP,0.92,474.98,0.92,0.95
2026-01-13 17:05:22,577,"Bitcoin Up or Down - January 13, 4:00AM-4:15AM ET",price_change,DOWN,0.06,110,0.06,0.08
2026-01-13 17:05:22,576,"Bitcoin Up or Down - January 13, 4:00AM-4:15AM ET",price_change,UP,0.92,1766.96,0.93,0.94
2026-01-13 17:05:22,576,"Bitcoin Up or Down - January 13, 4:00AM-4:15AM ET",price_change,DOWN,0.01,17432.8,0.06,0.07
2026-01-13 17:05:24,575,"Bitcoin Up or Down - January 13, 4:00AM-4:15AM ET",price_change,UP,0.65,1088.9,0.93,0.94
2026-01-13 17:05:24,575,"Bitcoin Up or Down - January 13, 4:00AM-4:15AM ET",price_change,DOWN,0.05,322.12,0.06,0.07
2026-01-13 17:05:25,574,"Bitcoin Up or Down - January 13, 4:00AM-4:15AM ET",price_change,UP,0.91,1543.9,0.94,0.95
2026-01-13 17:05:25,574,"Bitcoin Up or Down - January 13, 4:00AM-4:15AM ET",price_change,DOWN,0.02,103586.23,0.05,0.06
2026-01-13 17:05:25,573,"Bitcoin Up or Down - January 13, 4:00AM-4:15AM ET",price_change,UP,0.91,1554.56,0.94,0.95
2026-01-13 17:05:26,573,"Bitcoin Up or Down - January 13, 4:00AM-4:15AM ET",price_change,DOWN,0.04,1131.91,0.05,0.06
2026-01-13 17:05:26,572,"Bitcoin Up or Down - January 13, 4:00AM-4:15AM ET",price_change,DOWN,0.01,17333.8,0.05,0.06
2026-01-13 17:05:27,572,"Bitcoin Up or Down - January 13, 4:00AM-4:15AM ET",price_change,UP,0.76,1018.1,0.94,0.95
2026-01-13 17:05:28,571,"Bitcoin Up or Down - January 13, 4:00AM-4:15AM ET",price_change,UP,0.94,510.25,0.94,0.95
2026-01-13 17:05:28,571,"Bitcoin Up or Down - January 13, 4:00AM-4:15AM ET",price_change,DOWN,0.03,1560.09,0.05,0.06
2026-01-13 17:05:29,570,"Bitcoin Up or Down - January 13, 4:00AM-4:15AM ET",price_change,DOWN,0.03,1515.09,0.05,0.06
2026-01-13 17:05:29,570,"Bitcoin Up or Down - January 13, 4:00AM-4:15AM ET",price_change,UP,0.93,1145.15,0.94,0.95
2026-01-13 17:05:29,569,"Bitcoin Up or Down - January 13, 4:00AM-4:15AM ET",price_change,UP,0.93,1190.15,0.94,0.95
2026-01-13 17:05:30,569,"Bitcoin Up or Down - January 13, 4:00AM-4:15AM ET",price_change,DOWN,0.03,1594.09,0.05,0.06
2026-01-13 17:05:31,568,"Bitcoin Up or Down - January 13, 4:00AM-4:15AM ET",price_change,DOWN,0.03,1559.57,0.05,0.06
2026-01-13 17:05:31,568,"Bitcoin Up or Down - January 13, 4:00AM-4:15AM ET",price_change,UP,0.91,1689.56,0.94,0.95
2026-01-13 17:05:32,567,"Bitcoin Up or Down - January 13, 4:00AM-4:15AM ET",price_change,DOWN,0.03,1194.09,0.05,0.06
2026-01-13 17:05:32,567,"Bitcoin Up or Down - January 13, 4:00AM-4:15AM ET",price_change,UP,0.94,2059.64,0.94,0.95
2026-01-13 17:05:32,566,"Bitcoin Up or Down - January 13, 4:00AM-4:15AM ET",price_change,UP,0.94,2044.64,0.94,0.95
2026-01-13 17:05:32,566,"Bitcoin Up or Down - January 13, 4:00AM-4:15AM ET",price_change,DOWN,0.01,17304.8,0.05,0.06
2026-01-13 17:05:34,565,"Bitcoin Up or Down - January 13, 4:00AM-4:15AM ET",price_change,DOWN,0.03,1194.09,0.05,0.06
2026-01-13 17:05:34,565,"Bitcoin Up or Down - January 13, 4:00AM-4:15AM ET",price_change,UP,0.94,2214.56,0.94,0.95
2026-01-13 17:05:34,564,"Bitcoin Up or Down - January 13, 4:00AM-4:15AM ET",price_change,UP,0.95,1096.1,0.95,0.96
2026-01-13 17:05:35,564,"Bitcoin Up or Down - January 13, 4:00AM-4:15AM ET",price_change,DOWN,0.04,1143.91,0.04,0.05
2026-01-13 17:05:36,563,"Bitcoin Up or Down - January 13, 4:00AM-4:15AM ET",price_change,UP,0.95,1037.2,0.95,0.96
2026-01-13 17:05:36,563,"Bitcoin Up or Down - January 13, 4:00AM-4:15AM ET",price_change,DOWN,0.03,1431.59,0.04,0.05
2026-01-13 17:05:37,562,"Bitcoin Up or Down - January 13, 4:00AM-4:15AM ET",price_change,DOWN,0.02,102418.68,0.04,0.05
2026-01-13 17:05:37,562,"Bitcoin Up or Down - January 13, 4:00AM-4:15AM ET",price_change,UP,0.91,1512.85,0.95,0.96
2026-01-13 17:05:37,561,"Bitcoin Up or Down - January 13, 4:00AM-4:15AM ET",price_change,DOWN,0.03,1428.57,0.04,0.05
2026-01-13 17:05:38,561,"Bitcoin Up or Down - January 13, 4:00AM-4:15AM ET",price_change,UP,0.88,1006.06,0.95,0.96
2026-01-13 17:05:39,560,"Bitcoin Up or Down - January 13, 4:00AM-4:15AM ET",price_change,DOWN,0.03,1338.57,0.04,0.05
2026-01-13 17:05:39,560,"Bitcoin Up or Down - January 13, 4:00AM-4:15AM ET",price_change,UP,0.91,1532.85,0.95,0.96
2026-01-13 17:05:40,559,"Bitcoin Up or Down - January 13, 4:00AM-4:15AM ET",price_change,DOWN,0.03,1338.57,0.04,0.05
2026-01-13 17:05:40,559,"Bitcoin Up or Down - January 13, 4:00AM-4:15AM ET",price_change,UP,0.95,1708.57,0.95,0.96
2026-01-13 17:05:41,558,"Bitcoin Up or Down - January 13, 4:00AM-4:15AM ET",price_change,DOWN,0.03,1333.57,0.04,0.05
2026-01-13 17:05:41,558,"Bitcoin Up or Down - January 13, 4:00AM-4:15AM ET",price_change,UP,0.9,2531.82,0.95,0.96
2026-01-13 17:05:42,557,"Bitcoin Up or Down - January 13, 4:00AM-4:15AM ET",price_change,DOWN,0.03,1373.57,0.04,0.05
2026-01-13 17:05:42,557,"Bitcoin Up or Down - January 13, 4:00AM-4:15AM ET",price_change,UP,0.61,1033.5,0.95,0.96
2026-01-13 17:05:43,556,"Bitcoin Up or Down - January 13, 4:00AM-4:15AM ET",price_change,UP,0.95,1596.57,0.95,0.96
2026-01-13 17:05:43,556,"Bitcoin Up or Down - January 13, 4:00AM-4:15AM ET",price_change,DOWN,0.03,1473.57,0.04,0.05
2026-01-13 17:05:44,555,"Bitcoin Up or Down - January 13, 4:00AM-4:15AM ET",price_change,DOWN,0.03,1385.57,0.04,0.05
2026-01-13 17:05:44,555,"Bitcoin Up or Down - January 13, 4:00AM-4:15AM ET",price_change,UP,0.91,1552.85,0.95,0.96
2026-01-13 17:05:45,554,"Bitcoin Up or Down - January 13, 4:00AM-4:15AM ET",price_change,DOWN,0.03,1385.57,0.04,0.05
2026-01-13 17:05:45,554,"Bitcoin Up or Down - January 13, 4:00AM-4:15AM ET",price_change,UP,0.8,1039.1,0.95,0.96
2026-01-13 17:05:46,553,"Bitcoin Up or Down - January 13, 4:00AM-4:15AM ET",price_change,UP,0.92,1548.45,0.95,0.96
2026-01-13 17:05:46,553,"Bitcoin Up or Down - January 13, 4:00AM-4:15AM ET",price_change,DOWN,0.03,1385.57,0.04,0.05
2026-01-13 17:05:46,552,"Bitcoin Up or Down - January 13, 4:00AM-4:15AM ET",price_change,DOWN,0.03,1585.57,0.04,0.05
2026-01-13 17:05:47,552,"Bitcoin Up or Down - January 13, 4:00AM-4:15AM ET",price_change,UP,0.91,1542.85,0.95,0.96
2026-01-13 17:05:47,551,"Bitcoin Up or Down - January 13, 4:00AM-4:15AM ET",price_change,UP,0.01,19865.79,0.95,0.96
2026-01-13 17:05:48,551,"Bitcoin Up or Down - January 13, 4:00AM-4:15AM ET",price_change,DOWN,0.03,1509.57,0.04,0.05
2026-01-13 17:05:49,550,"Bitcoin Up or Down - January 13, 4:00AM-4:15AM ET",price_change,DOWN,0.03,1577.57,0.04,0.05
2026-01-13 17:05:49,550,"Bitcoin Up or Down - January 13, 4:00AM-4:15AM ET",price_change,UP,0.84,1158.71,0.95,0.96
2026-01-13 17:05:50,549,"Bitcoin Up or Down - January 13, 4:00AM-4:15AM ET",price_change,UP,0.95,1940.68,0.95,0.96
2026-01-13 17:05:50,549,"Bitcoin Up or Down - January 13, 4:00AM-4:15AM ET",price_change,DOWN,0.04,109.05,0.04,0.05
2026-01-13 17:05:51,548,"Bitcoin Up or Down - January 13, 4:00AM-4:15AM ET",price_change,UP,0.9,2536.78,0.96,0.97
2026-01-13 17:05:51,548,"Bitcoin Up or Down - January 13, 4:00AM-4:15AM ET",price_change,DOWN,0.02,102229.89,0.03,0.04
2026-01-13 17:05:52,547,"Bitcoin Up or Down - January 13, 4:00AM-4:15AM ET",price_change,DOWN,0.02,102359.89,0.03,0.04
2026-01-13 17:05:52,547,"Bitcoin Up or Down - January 13, 4:00AM-4:15AM ET",price_change,UP,0.95,1864.71,0.96,0.97
2026-01-13 17:05:52,546,"Bitcoin Up or Down - January 13, 4:00AM-4:15AM ET",price_change,UP,0.96,33.65,0.96,0.97
2026-01-13 17:05:53,546,"Bitcoin Up or Down - January 13, 4:00AM-4:15AM ET",price_change,DOWN,0.02,102383.89,0.03,0.04
2026-01-13 17:05:54,545,"Bitcoin Up or Down - January 13, 4:00AM-4:15AM ET",price_change,UP,0.9,2401.78,0.96,0.97
2026-01-13 17:05:54,545,"Bitcoin Up or Down - January 13, 4:00AM-4:15AM ET",price_change,DOWN,0.02,104378.89,0.03,0.04
2026-01-13 17:05:55,544,"Bitcoin Up or Down - January 13, 4:00AM-4:15AM ET",price_change,UP,0.93,872.76,0.96,0.97
2026-01-13 17:05:55,544,"Bitcoin Up or Down - January 13, 4:00AM-4:15AM ET",price_change,DOWN,0.02,104378.89,0.03,0.04
2026-01-13 17:05:56,543,"Bitcoin Up or Down - January 13, 4:00AM-4:15AM ET",price_change,UP,0.93,862.76,0.95,0.97
2026-01-13 17:05:56,543,"Bitcoin Up or Down - January 13, 4:00AM-4:15AM ET",price_change,DOWN,0.02,104338.89,0.03,0.05
2026-01-13 17:05:57,542,"Bitcoin Up or Down - January 13, 4:00AM-4:15AM ET",price_change,UP,0.93,822.76,0.95,0.97
2026-01-13 17:05:57,542,"Bitcoin Up or Down - January 13, 4:00AM-4:15AM ET",price_change,DOWN,0.02,104358.89,0.03,0.05
2026-01-13 17:05:58,541,"Bitcoin Up or Down - January 13, 4:00AM-4:15AM ET",price_change,UP,0.92,1573.85,0.95,0.96
2026-01-13 17:05:58,541,"Bitcoin Up or Down - January 13, 4:00AM-4:15AM ET",price_change,DOWN,0.03,1928.39,0.04,0.05
2026-01-13 17:05:59,540,"Bitcoin Up or Down - January 13, 4:00AM-4:15AM ET",price_change,DOWN,0.03,1666.76,0.03,0.05
2026-01-13 17:05:59,540,"Bitcoin Up or Down - January 13, 4:00AM-4:15AM ET",price_change,UP,0.93,822.76,0.95,0.97
2026-01-13 17:05:59,539,"Bitcoin Up or Down - January 13, 4:00AM-4:15AM ET",price_change,UP,0.94,2527.92,0.95,0.96
2026-01-13 17:06:00,539,"Bitcoin Up or Down - January 13, 4:00AM-4:15AM ET",price_change,DOWN,0.01,16746.8,0.04,0.05
2026-01-13 17:06:01,538,"Bitcoin Up or Down - January 13, 4:00AM-4:15AM ET",price_change,UP,0.93,843.76,0.95,0.96
2026-01-13 17:06:01,538,"Bitcoin Up or Down - January 13, 4:00AM-4:15AM ET",price_change,DOWN,0.04,1130.99,0.04,0.05
2026-01-13 17:06:01,537,"Bitcoin Up or Down - January 13, 4:00AM-4:15AM ET",price_change,DOWN,0.03,1919.68,0.04,0.05
2026-01-13 17:06:01,537,"Bitcoin Up or Down - January 13, 4:00AM-4:15AM ET",price_change,UP,0.94,1806.92,0.95,0.96
2026-01-13 17:06:03,536,"Bitcoin Up or Down - January 13, 4:00AM-4:15AM ET",price_change,UP,0.95,1422.84,0.95,0.96
2026-01-13 17:06:03,536,"Bitcoin Up or Down - January 13, 4:00AM-4:15AM ET",price_change,DOWN,0.02,104479.32,0.04,0.05
2026-01-13 17:06:04,535,"Bitcoin Up or Down - January 13, 4:00AM-4:15AM ET",price_change,DOWN,0.03,1835.67,0.04,0.05
2026-01-13 17:06:04,535,"Bitcoin Up or Down - January 13, 4:00AM-4:15AM ET",price_change,UP,0.95,50.84,0.95,0.96
2026-01-13 17:06:05,534,"Bitcoin Up or Down - January 13, 4:00AM-4:15AM ET",price_change,DOWN,0.03,1866.67,0.04,0.05
2026-01-13 17:06:05,534,"Bitcoin Up or Down - January 13, 4:00AM-4:15AM ET",price_change,UP,0.81,1239.8,0.95,0.96
2026-01-13 17:06:05,533,"Bitcoin Up or Down - January 13, 4:00AM-4:15AM ET",price_change,DOWN,0.03,2027.1,0.04,0.05
2026-01-13 17:06:06,533,"Bitcoin Up or Down - January 13, 4:00AM-4:15AM ET",price_change,UP,0.92,1862.95,0.95,0.96
2026-01-13 17:06:06,532,"Bitcoin Up or Down - January 13, 4:00AM-4:15AM ET",price_change,DOWN,0.03,1979.1,0.05,0.06
2026-01-13 17:06:06,532,"Bitcoin Up or Down - January 13, 4:00AM-4:15AM ET",price_change,UP,0.93,652,0.94,0.95
2026-01-13 17:06:07,531,"Bitcoin Up or Down - January 13, 4:00AM-4:15AM ET",price_change,DOWN,0.02,104601.19,0.04,0.05
2026-01-13 17:06:07,531,"Bitcoin Up or Down - January 13, 4:00AM-4:15AM ET",price_change,UP,0.94,1013.37,0.95,0.96
2026-01-13 17:06:09,530,"Bitcoin Up or Down - January 13, 4:00AM-4:15AM ET",price_change,UP,0.95,141.3,0.95,0.96
2026-01-13 17:06:09,530,"Bitcoin Up or Down - January 13, 4:00AM-4:15AM ET",price_change,DOWN,0.02,104641.11,0.04,0.05
2026-01-13 17:06:10,529,"Bitcoin Up or Down - January 13, 4:00AM-4:15AM ET",price_change,UP,0.95,1354.3,0.95,0.96
2026-01-13 17:06:10,529,"Bitcoin Up or Down - January 13, 4:00AM-4:15AM ET",price_change,DOWN,0.04,913.92,0.04,0.05
2026-01-13 17:06:11,528,"Bitcoin Up or Down - January 13, 4:00AM-4:15AM ET",price_change,DOWN,0.03,1924.1,0.04,0.05
2026-01-13 17:06:11,528,"Bitcoin Up or Down - January 13, 4:00AM-4:15AM ET",price_change,UP,0.91,1621.38,0.95,0.96
2026-01-13 17:06:12,527,"Bitcoin Up or Down - January 13, 4:00AM-4:15AM ET",price_change,DOWN,0.03,1878.1,0.04,0.05
2026-01-13 17:06:12,527,"Bitcoin Up or Down - January 13, 4:00AM-4:15AM ET",price_change,UP,0.95,112.5,0.95,0.96
2026-01-13 17:06:13,526,"Bitcoin Up or Down - January 13, 4:00AM-4:15AM ET",price_change,UP,0.95,920.5,0.95,0.96
2026-01-13 17:06:13,526,"Bitcoin Up or Down - January 13, 4:00AM-4:15AM ET",price_change,DOWN,0.03,1872.67,0.04,0.05
2026-01-13 17:06:14,525,"Bitcoin Up or Down - January 13, 4:00AM-4:15AM ET",price_change,DOWN,0.03,1877.67,0.04,0.05
2026-01-13 17:06:14,525,"Bitcoin Up or Down - January 13, 4:00AM-4:15AM ET",price_change,UP,0.95,212,0.95,0.96
2026-01-13 17:06:15,524,"Bitcoin Up or Down - January 13, 4:00AM-4:15AM ET",price_change,DOWN,0.02,104621.32,0.04,0.05
2026-01-13 17:06:15,524,"Bitcoin Up or Down - January 13, 4:00AM-4:15AM ET",price_change,UP,0.93,1249.59,0.95,0.96
2026-01-13 17:06:15,523,"Bitcoin Up or Down - January 13, 4:00AM-4:15AM ET",price_change,DOWN,0.04,137.51,0.04,0.05
2026-01-13 17:06:16,523,"Bitcoin Up or Down - January 13, 4:00AM-4:15AM ET",price_change,UP,0.87,1110.56,0.95,0.96
2026-01-13 17:06:17,522,"Bitcoin Up or Down - January 13, 4:00AM-4:15AM ET",price_change,DOWN,0.03,1876,0.04,0.05
2026-01-13 17:06:17,522,"Bitcoin Up or Down - January 13, 4:00AM-4:15AM ET",price_change,UP,0.91,2410.39,0.95,0.96
2026-01-13 17:06:18,521,"Bitcoin Up or Down - January 13, 4:00AM-4:15AM ET",price_change,UP,0.94,5,0.94,0.95
2026-01-13 17:06:18,521,"Bitcoin Up or Down - January 13, 4:00AM-4:15AM ET",price_change,DOWN,0.05,205.5,0.05,0.06
2026-01-13 17:06:18,520,"Bitcoin Up or Down - January 13, 4:00AM-4:15AM ET",price_change,UP,0.94,1553.42,0.94,0.95
2026-01-13 17:06:19,520,"Bitcoin Up or Down - January 13, 4:00AM-4:15AM ET",price_change,DOWN,0.05,135,0.05,0.06
2026-01-13 17:06:19,519,"Bitcoin Up or Down - January 13, 4:00AM-4:15AM ET",price_change,DOWN,0.02,104781.11,0.05,0.06
2026-01-13 17:06:20,519,"Bitcoin Up or Down - January 13, 4:00AM-4:15AM ET",price_change,UP,0.91,2382.1,0.94,0.95
2026-01-13 17:06:21,518,"Bitcoin Up or Down - January 13, 4:00AM-4:15AM ET",price_change,DOWN,0.03,2072.51,0.05,0.06
2026-01-13 17:06:21,518,"Bitcoin Up or Down - January 13, 4:00AM-4:15AM ET",price_change,UP,0.94,1054.42,0.94,0.95
2026-01-13 17:06:22,517,"Bitcoin Up or Down - January 13, 4:00AM-4:15AM ET",price_change,DOWN,0.03,1821.51,0.05,0.06
2026-01-13 17:06:22,517,"Bitcoin Up or Down - January 13, 4:00AM-4:15AM ET",price_change,UP,0.93,1216.87,0.94,0.95
2026-01-13 17:06:23,516,"Bitcoin Up or Down - January 13, 4:00AM-4:15AM ET",price_change,DOWN,0.03,1840.51,0.05,0.06
2026-01-13 17:06:23,516,"Bitcoin Up or Down - January 13, 4:00AM-4:15AM ET",price_change,UP,0.92,2564.48,0.94,0.95
2026-01-13 17:06:24,515,"Bitcoin Up or Down - January 13, 4:00AM-4:15AM ET",price_change,UP,0.94,1170,0.94,0.95
2026-01-13 17:06:24,515,"Bitcoin Up or Down - January 13, 4:00AM-4:15AM ET",price_change,DOWN,0.05,430.32,0.05,0.06
2026-01-13 17:06:24,514,"Bitcoin Up or Down - January 13, 4:00AM-4:15AM ET",price_change,UP,0.93,711.29,0.94,0.95
2026-01-13 17:06:25,514,"Bitcoin Up or Down - January 13, 4:00AM-4:15AM ET",price_change,DOWN,0.04,2336.92,0.05,0.06
2026-01-13 17:06:25,513,"Bitcoin Up or Down - January 13, 4:00AM-4:15AM ET",price_change,DOWN,0.04,2588,0.06,0.07
2026-01-13 17:06:25,513,"Bitcoin Up or Down - January 13, 4:00AM-4:15AM ET",price_change,UP,0.92,1783.06,0.93,0.94
2026-01-13 17:06:27,512,"Bitcoin Up or Down - January 13, 4:00AM-4:15AM ET",price_change,DOWN,0.04,2211,0.06,0.07
2026-01-13 17:06:27,512,"Bitcoin Up or Down - January 13, 4:00AM-4:15AM ET",price_change,UP,0.93,608.79,0.93,0.94
2026-01-13 17:06:28,511,"Bitcoin Up or Down - January 13, 4:00AM-4:15AM ET",price_change,DOWN,0.04,2211,0.06,0.07
2026-01-13 17:06:28,511,"Bitcoin Up or Down - January 13, 4:00AM-4:15AM ET",price_change,UP,0.92,1859.56,0.93,0.94
2026-01-13 17:06:29,510,"Bitcoin Up or Down - January 13, 4:00AM-4:15AM ET",price_change,DOWN,0.06,91.44,0.06,0.07
2026-01-13 17:06:29,510,"Bitcoin Up or Down - January 13, 4:00AM-4:15AM ET",price_change,UP,0.93,1591.29,0.93,0.94
2026-01-13 17:06:30,509,"Bitcoin Up or Down - January 13, 4:00AM-4:15AM ET",price_change,DOWN,0.04,2481,0.06,0.07
2026-01-13 17:06:30,509,"Bitcoin Up or Down - January 13, 4:00AM-4:15AM ET",price_change,UP,0.92,1883.56,0.93,0.94
2026-01-13 17:06:31,508,"Bitcoin Up or Down - January 13, 4:00AM-4:15AM ET",price_change,UP,0.05,5289.39,0.93,0.94
2026-01-13 17:06:31,508,"Bitcoin Up or Down - January 13, 4:00AM-4:15AM ET",price_change,DOWN,0.04,2254,0.06,0.07
2026-01-13 17:06:32,507,"Bitcoin Up or Down - January 13, 4:00AM-4:15AM ET",price_change,DOWN,0.04,2264,0.06,0.07
2026-01-13 17:06:32,507,"Bitcoin Up or Down - January 13, 4:00AM-4:15AM ET",price_change,UP,0.93,1424.51,0.93,0.94
2026-01-13 17:06:33,506,"Bitcoin Up or Down - January 13, 4:00AM-4:15AM ET",price_change,DOWN,0.04,2234,0.06,0.07
2026-01-13 17:06:33,506,"Bitcoin Up or Down - January 13, 4:00AM-4:15AM ET",price_change,UP,0.9,2420.62,0.93,0.94
2026-01-13 17:06:34,505,"Bitcoin Up or Down - January 13, 4:00AM-4:15AM ET",price_change,DOWN,0.04,2330.92,0.06,0.07
2026-01-13 17:06:34,505,"Bitcoin Up or Down - January 13, 4:00AM-4:15AM ET",price_change,UP,0.93,1575.85,0.93,0.94
2026-01-13 17:06:35,504,"Bitcoin Up or Down - January 13, 4:00AM-4:15AM ET",price_change,DOWN,0.04,2340.92,0.06,0.07
2026-01-13 17:06:35,504,"Bitcoin Up or Down - January 13, 4:00AM-4:15AM ET",price_change,UP,0.92,1801.37,0.93,0.94
2026-01-13 17:06:36,503,"Bitcoin Up or Down - January 13, 4:00AM-4:15AM ET",price_change,DOWN,0.04,2340.92,0.06,0.07
2026-01-13 17:06:36,503,"Bitcoin Up or Down - January 13, 4:00AM-4:15AM ET",price_change,UP,0.93,1614.27,0.93,0.94
2026-01-13 17:06:37,502,"Bitcoin Up or Down - January 13, 4:00AM-4:15AM ET",price_change,DOWN,0.04,2330.92,0.06,0.07
2026-01-13 17:06:37,502,"Bitcoin Up or Down - January 13, 4:00AM-4:15AM ET",price_change,UP,0.93,1587.27,0.93,0.94
2026-01-13 17:06:38,501,"Bitcoin Up or Down - January 13, 4:00AM-4:15AM ET",price_change,DOWN,0.04,2335.92,0.06,0.07
2026-01-13 17:06:38,501,"Bitcoin Up or Down - January 13, 4:00AM-4:15AM ET",price_change,UP,0.93,1575.27,0.93,0.94
2026-01-13 17:06:39,500,"Bitcoin Up or Down - January 13, 4:00AM-4:15AM ET",price_change,UP,0.92,289.56,0.92,0.93
2026-01-13 17:06:39,500,"Bitcoin Up or Down - January 13, 4:00AM-4:15AM ET",price_change,DOWN,0.05,1717.98,0.07,0.08
2026-01-13 17:06:40,499,"Bitcoin Up or Down - January 13, 4:00AM-4:15AM ET",price_change,DOWN,0.06,3221.55,0.07,0.08
2026-01-13 17:06:40,499,"Bitcoin Up or Down - January 13, 4:00AM-4:15AM ET",price_change,UP,0.92,404.06,0.92,0.93
2026-01-13 17:06:41,498,"Bitcoin Up or Down - January 13, 4:00AM-4:15AM ET",price_change,UP,0.92,351.06,0.92,0.93
2026-01-13 17:06:41,498,"Bitcoin Up or Down - January 13, 4:00AM-4:15AM ET",price_change,DOWN,0.06,3428.55,0.07,0.08
2026-01-13 17:06:42,497,"Bitcoin Up or Down - January 13, 4:00AM-4:15AM ET",price_change,UP,0.91,19.41,0.91,0.92
2026-01-13 17:06:42,497,"Bitcoin Up or Down - January 13, 4:00AM-4:15AM ET",price_change,DOWN,0.08,215.7,0.08,0.09
2026-01-13 17:06:42,496,"Bitcoin Up or Down - January 13, 4:00AM-4:15AM ET",price_change,UP,0.82,516.05,0.9,0.91
2026-01-13 17:06:42,496,"Bitcoin Up or Down - January 13, 4:00AM-4:15AM ET",price_change,DOWN,0.08,209.9,0.09,0.1
2026-01-13 17:06:44,495,"Bitcoin Up or Down - January 13, 4:00AM-4:15AM ET",price_change,UP,0.9,3116.17,0.9,0.91
2026-01-13 17:06:44,495,"Bitcoin Up or Down - January 13, 4:00AM-4:15AM ET",price_change,DOWN,0.09,79.89,0.09,0.1
2026-01-13 17:06:44,494,"Bitcoin Up or Down - January 13, 4:00AM-4:15AM ET",price_change,DOWN,0.03,1929.71,0.07,0.08
2026-01-13 17:06:45,494,"Bitcoin Up or Down - January 13, 4:00AM-4:15AM ET",price_change,UP,0.72,2175.57,0.92,0.93
2026-01-13 17:06:46,493,"Bitcoin Up or Down - January 13, 4:00AM-4:15AM ET",price_change,DOWN,0.05,1564.3,0.07,0.08
2026-01-13 17:06:46,493,"Bitcoin Up or Down - January 13, 4:00AM-4:15AM ET",price_change,UP,0.72,998.57,0.92,0.93
2026-01-13 17:06:46,492,"Bitcoin Up or Down - January 13, 4:00AM-4:15AM ET",price_change,DOWN,0.06,1403.04,0.07,0.08
2026-01-13 17:06:46,492,"Bitcoin Up or Down - January 13, 4:00AM-4:15AM ET",price_change,UP,0.9,2614.52,0.92,0.93
2026-01-13 17:06:48,491,"Bitcoin Up or Down - January 13, 4:00AM-4:15AM ET",price_change,DOWN,0.04,2716.81,0.07,0.08
2026-01-13 17:06:48,491,"Bitcoin Up or Down - January 13, 4:00AM-4:15AM ET",price_change,UP,0.92,1657.52,0.92,0.93
2026-01-13 17:06:48,490,"Bitcoin Up or Down - January 13, 4:00AM-4:15AM ET",price_change,DOWN,0.05,1378.88,0.07,0.08
2026-01-13 17:06:48,490,"Bitcoin Up or Down - January 13, 4:00AM-4:15AM ET",price_change,UP,0.87,1194.48,0.92,0.93
2026-01-13 17:06:49,489,"Bitcoin Up or Down - January 13, 4:00AM-4:15AM ET",price_change,DOWN,0.05,1396.88,0.07,0.08
2026-01-13 17:06:50,489,"Bitcoin Up or Down - January 13, 4:00AM-4:15AM ET",price_change,UP,0.92,1448.61,0.92,0.93
2026-01-13 17:06:51,488,"Bitcoin Up or Down - January 13, 4:00AM-4:15AM ET",price_change,DOWN,0.04,2491.81,0.07,0.08
2026-01-13 17:06:51,488,"Bitcoin Up or Down - January 13, 4:00AM-4:15AM ET",price_change,UP,0.85,1116.97,0.92,0.93
2026-01-13 17:06:52,487,"Bitcoin Up or Down - January 13, 4:00AM-4:15AM ET",price_change,DOWN,0.04,2491.81,0.06,0.07
2026-01-13 17:06:52,487,"Bitcoin Up or Down - January 13, 4:00AM-4:15AM ET",price_change,UP,0.73,2271.6,0.93,0.94
2026-01-13 17:06:53,486,"Bitcoin Up or Down - January 13, 4:00AM-4:15AM ET",price_change,DOWN,0.04,2461.81,0.06,0.07
2026-01-13 17:06:53,486,"Bitcoin Up or Down - January 13, 4:00AM-4:15AM ET",price_change,UP,0.91,2137.92,0.93,0.94
2026-01-13 17:06:54,485,"Bitcoin Up or Down - January 13, 4:00AM-4:15AM ET",price_change,DOWN,0.04,2461.81,0.06,0.07
2026-01-13 17:06:54,485,"Bitcoin Up or Down - January 13, 4:00AM-4:15AM ET",price_change,UP,0.63,1063.6,0.93,0.94
2026-01-13 17:06:55,484,"Bitcoin Up or Down - January 13, 4:00AM-4:15AM ET",price_change,DOWN,0.04,2456.81,0.06,0.07
2026-01-13 17:06:55,484,"Bitcoin Up or Down - January 13, 4:00AM-4:15AM ET",price_change,UP,0.92,1305.12,0.93,0.94
2026-01-13 17:06:56,483,"Bitcoin Up or Down - January 13, 4:00AM-4:15AM ET",price_change,DOWN,0.04,2205.81,0.06,0.07
2026-01-13 17:06:56,483,"Bitcoin Up or Down - January 13, 4:00AM-4:15AM ET",price_change,UP,0.93,1327.65,0.93,0.94
2026-01-13 17:06:57,482,"Bitcoin Up or Down - January 13, 4:00AM-4:15AM ET",price_change,DOWN,0.04,2205.81,0.06,0.07
2026-01-13 17:06:57,482,"Bitcoin Up or Down - January 13, 4:00AM-4:15AM ET",price_change,UP,0.91,2375.7,0.93,0.94
2026-01-13 17:06:58,481,"Bitcoin Up or Down - January 13, 4:00AM-4:15AM ET",price_change,DOWN,0.04,2270.81,0.06,0.07
2026-01-13 17:06:58,481,"Bitcoin Up or Down - January 13, 4:00AM-4:15AM ET",price_change,UP,0.73,1067.6,0.93,0.94
2026-01-13 17:06:59,480,"Bitcoin Up or Down - January 13, 4:00AM-4:15AM ET",price_change,DOWN,0.04,2270.81,0.06,0.07
2026-01-13 17:06:59,480,"Bitcoin Up or Down - January 13, 4:00AM-4:15AM ET",price_change,UP,0.93,1088.66,0.93,0.94
2026-01-13 17:07:00,479,"Bitcoin Up or Down - January 13, 4:00AM-4:15AM ET",price_change,DOWN,0.04,2270.81,0.06,0.07
2026-01-13 17:07:00,479,"Bitcoin Up or Down - January 13, 4:00AM-4:15AM ET",price_change,UP,0.01,19897.29,0.93,0.94
2026-01-13 17:07:01,478,"Bitcoin Up or Down - January 13, 4:00AM-4:15AM ET",price_change,DOWN,0.02,104926.29,0.06,0.07
2026-01-13 17:07:01,478,"Bitcoin Up or Down - January 13, 4:00AM-4:15AM ET",price_change,UP,0.08,5027.7,0.93,0.94
2026-01-13 17:07:01,477,"Bitcoin Up or Down - January 13, 4:00AM-4:15AM ET",price_change,DOWN,0.05,1358.56,0.06,0.07
2026-01-13 17:07:01,477,"Bitcoin Up or Down - January 13, 4:00AM-4:15AM ET",price_change,UP,0.88,1128.55,0.93,0.94
2026-01-13 17:07:02,476,"Bitcoin Up or Down - January 13, 4:00AM-4:15AM ET",price_change,DOWN,0.06,236.81,0.06,0.07
2026-01-13 17:07:02,476,"Bitcoin Up or Down - January 13, 4:00AM-4:15AM ET",price_change,UP,0.93,1519.23,0.93,0.94
2026-01-13 17:07:03,475,"Bitcoin Up or Down - January 13, 4:00AM-4:15AM ET",price_change,UP,0.92,1518.26,0.93,0.94
2026-01-13 17:07:04,475,"Bitcoin Up or Down - January 13, 4:00AM-4:15AM ET",price_change,DOWN,0.05,1503.95,0.06,0.07
2026-01-13 17:07:05,474,"Bitcoin Up or Down - January 13, 4:00AM-4:15AM ET",price_change,UP,0.85,1271.1,0.93,0.94
2026-01-13 17:07:05,474,"Bitcoin Up or Down - January 13, 4:00AM-4:15AM ET",price_change,DOWN,0.02,105158.2,0.06,0.07
2026-01-13 17:07:06,473,"Bitcoin Up or Down - January 13, 4:00AM-4:15AM ET",price_change,DOWN,0.01,16809.94,0.06,0.07
2026-01-13 17:07:06,473,"Bitcoin Up or Down - January 13, 4:00AM-4:15AM ET",price_change,UP,0.92,1586.04,0.93,0.94
2026-01-13 17:07:07,472,"Bitcoin Up or Down - January 13, 4:00AM-4:15AM ET",price_change,DOWN,0.06,104.7,0.06,0.07
2026-01-13 17:07:07,472,"Bitcoin Up or Down - January 13, 4:00AM-4:15AM ET",price_change,UP,0.92,1415.34,0.93,0.94
2026-01-13 17:07:08,471,"Bitcoin Up or Down - January 13, 4:00AM-4:15AM ET",price_change,DOWN,0.05,1285.7,0.06,0.07
2026-01-13 17:07:08,471,"Bitcoin Up or Down - January 13, 4:00AM-4:15AM ET",price_change,UP,0.92,1420.34,0.93,0.94
2026-01-13 17:07:08,470,"Bitcoin Up or Down - January 13, 4:00AM-4:15AM ET",price_change,UP,0.85,1405.94,0.93,0.94
2026-01-13 17:07:09,470,"Bitcoin Up or Down - January 13, 4:00AM-4:15AM ET",price_change,DOWN,0.04,1528.91,0.06,0.07
2026-01-13 17:07:09,469,"Bitcoin Up or Down - January 13, 4:00AM-4:15AM ET",price_change,UP,0.85,1385.55,0.93,0.94
2026-01-13 17:07:10,469,"Bitcoin Up or Down - January 13, 4:00AM-4:15AM ET",price_change,DOWN,0.05,1349.7,0.06,0.07
2026-01-13 17:07:10,468,"Bitcoin Up or Down - January 13, 4:00AM-4:15AM ET",price_change,DOWN,0.07,127.5,0.07,0.08
2026-01-13 17:07:10,468,"Bitcoin Up or Down - January 13, 4:00AM-4:15AM ET",price_change,UP,0.82,463.65,0.92,0.93
2026-01-13 17:07:11,467,"Bitcoin Up or Down - January 13, 4:00AM-4:15AM ET",price_change,UP,0.91,1351.09,0.91,0.92
2026-01-13 17:07:11,467,"Bitcoin Up or Down - January 13, 4:00AM-4:15AM ET",price_change,DOWN,0.07,313.5,0.08,0.09
2026-01-13 17:07:12,466,"Bitcoin Up or Down - January 13, 4:00AM-4:15AM ET",price_change,UP,0.92,759.03,0.92,0.93
2026-01-13 17:07:12,466,"Bitcoin Up or Down - January 13, 4:00AM-4:15AM ET",price_change,DOWN,0.06,748.92,0.07,0.08
2026-01-13 17:07:14,465,"Bitcoin Up or Down - January 13, 4:00AM-4:15AM ET",price_change,DOWN,0.02,105178.21,0.07,0.08
2026-01-13 17:07:14,465,"Bitcoin Up or Down - January 13, 4:00AM-4:15AM ET",price_change,UP,0.64,1121.6,0.92,0.93
2026-01-13 17:07:14,464,"Bitcoin Up or Down - January 13, 4:00AM-4:15AM ET",price_change,UP,0.93,1761.54,0.93,0.94
2026-01-13 17:07:15,464,"Bitcoin Up or Down - January 13, 4:00AM-4:15AM ET",price_change,DOWN,0.01,16779.94,0.06,0.07
2026-01-13 17:07:16,463,"Bitcoin Up or Down - January 13, 4:00AM-4:15AM ET",price_change,DOWN,0.04,1491.91,0.05,0.06
2026-01-13 17:07:16,463,"Bitcoin Up or Down - January 13, 4:00AM-4:15AM ET",price_change,UP,0.91,2189.59,0.94,0.95
2026-01-13 17:07:17,462,"Bitcoin Up or Down - January 13, 4:00AM-4:15AM ET",price_change,DOWN,0.04,1449.91,0.05,0.06
2026-01-13 17:07:17,462,"Bitcoin Up or Down - January 13, 4:00AM-4:15AM ET",price_change,UP,0.64,1121.6,0.94,0.95
2026-01-13 17:07:18,461,"Bitcoin Up or Down - January 13, 4:00AM-4:15AM ET",price_change,DOWN,0.04,1430.41,0.05,0.06
2026-01-13 17:07:18,461,"Bitcoin Up or Down - January 13, 4:00AM-4:15AM ET",price_change,UP,0.64,1131.6,0.94,0.95
2026-01-13 17:07:19,460,"Bitcoin Up or Down - January 13, 4:00AM-4:15AM ET",price_change,DOWN,0.04,1298.49,0.05,0.06
2026-01-13 17:07:19,460,"Bitcoin Up or Down - January 13, 4:00AM-4:15AM ET",price_change,UP,0.94,2610.09,0.94,0.95
2026-01-13 17:07:20,459,"Bitcoin Up or Down - January 13, 4:00AM-4:15AM ET",price_change,DOWN,0.04,1352.14,0.05,0.06
2026-01-13 17:07:20,459,"Bitcoin Up or Down - January 13, 4:00AM-4:15AM ET",price_change,UP,0.94,2455.54,0.94,0.95
2026-01-13 17:07:21,458,"Bitcoin Up or Down - January 13, 4:00AM-4:15AM ET",price_change,DOWN,0.04,1393.14,0.05,0.06
2026-01-13 17:07:21,458,"Bitcoin Up or Down - January 13, 4:00AM-4:15AM ET",price_change,UP,0.87,1142.6,0.94,0.95
2026-01-13 17:07:22,457,"Bitcoin Up or Down - January 13, 4:00AM-4:15AM ET",price_change,DOWN,0.04,1402.14,0.05,0.06
2026-01-13 17:07:22,457,"Bitcoin Up or Down - January 13, 4:00AM-4:15AM ET",price_change,UP,0.92,1168.92,0.94,0.95
2026-01-13 17:07:23,456,"Bitcoin Up or Down - January 13, 4:00AM-4:15AM ET",price_change,DOWN,0.04,1372.14,0.05,0.06
2026-01-13 17:07:23,456,"Bitcoin Up or Down - January 13, 4:00AM-4:15AM ET",price_change,UP,0.94,2567.54,0.94,0.95
2026-01-13 17:07:23,455,"Bitcoin Up or Down - January 13, 4:00AM-4:15AM ET",price_change,DOWN,0.01,16859.94,0.05,0.06
2026-01-13 17:07:24,455,"Bitcoin Up or Down - January 13, 4:00AM-4:15AM ET",price_change,UP,0.93,2129,0.94,0.95
2026-01-13 17:07:25,454,"Bitcoin Up or Down - January 13, 4:00AM-4:15AM ET",price_change,DOWN,0.03,1395.04,0.05,0.06
2026-01-13 17:07:25,454,"Bitcoin Up or Down - January 13, 4:00AM-4:15AM ET",price_change,UP,0.93,2282,0.94,0.95
2026-01-13 17:07:26,453,"Bitcoin Up or Down - January 13, 4:00AM-4:15AM ET",price_change,DOWN,0.03,1639.49,0.04,0.05
2026-01-13 17:07:26,453,"Bitcoin Up or Down - January 13, 4:00AM-4:15AM ET",price_change,UP,0.92,1193.92,0.95,0.96
2026-01-13 17:07:27,452,"Bitcoin Up or Down - January 13, 4:00AM-4:15AM ET",price_change,DOWN,0.02,105474.46,0.04,0.05
2026-01-13 17:07:27,452,"Bitcoin Up or Down - January 13, 4:00AM-4:15AM ET",price_change,UP,0.91,2182.84,0.95,0.96
2026-01-13 17:07:28,451,"Bitcoin Up or Down - January 13, 4:00AM-4:15AM ET",price_change,DOWN,0.03,1550.49,0.04,0.05
2026-01-13 17:07:28,451,"Bitcoin Up or Down - January 13, 4:00AM-4:15AM ET",price_change,UP,0.92,1188.92,0.95,0.96
2026-01-13 17:07:29,450,"Bitcoin Up or Down - January 13, 4:00AM-4:15AM ET",price_change,DOWN,0.03,1538.47,0.05,0.06
2026-01-13 17:07:29,450,"Bitcoin Up or Down - January 13, 4:00AM-4:15AM ET",price_change,UP,0.94,3449.92,0.94,0.95
2026-01-13 17:07:30,449,"Bitcoin Up or Down - January 13, 4:00AM-4:15AM ET",price_change,DOWN,0.03,1565.47,0.04,0.05
2026-01-13 17:07:30,449,"Bitcoin Up or Down - January 13, 4:00AM-4:15AM ET",price_change,UP,0.9,2677.89,0.95,0.96
2026-01-13 17:07:31,448,"Bitcoin Up or Down - January 13, 4:00AM-4:15AM ET",price_change,DOWN,0.03,1696.94,0.04,0.05
2026-01-13 17:07:31,448,"Bitcoin Up or Down - January 13, 4:00AM-4:15AM ET",price_change,UP,0.94,3338.42,0.95,0.96
2026-01-13 17:07:31,447,"Bitcoin Up or Down - January 13, 4:00AM-4:15AM ET",price_change,UP,0.82,453.65,0.94,0.95
2026-01-13 17:07:31,447,"Bitcoin Up or Down - January 13, 4:00AM-4:15AM ET",price_change,DOWN,0.04,1413,0.05,0.06
2026-01-13 17:07:33,446,"Bitcoin Up or Down - January 13, 4:00AM-4:15AM ET",price_change,UP,0.94,3071.75,0.94,0.95
2026-01-13 17:07:33,446,"Bitcoin Up or Down - January 13, 4:00AM-4:15AM ET",price_change,DOWN,0.05,5,0.05,0.06
2026-01-13 17:07:34,445,"Bitcoin Up or Down - January 13, 4:00AM-4:15AM ET",price_change,DOWN,0.03,1578.94,0.04,0.05
2026-01-13 17:07:34,445,"Bitcoin Up or Down - January 13, 4:00AM-4:15AM ET",price_change,UP,0.91,2302.84,0.95,0.96
2026-01-13 17:07:34,444,"Bitcoin Up or Down - January 13, 4:00AM-4:15AM ET",price_change,UP,0.95,1196.58,0.95,0.96
2026-01-13 17:07:34,444,"Bitcoin Up or Down - January 13, 4:00AM-4:15AM ET",price_change,DOWN,0.02,105734.68,0.04,0.05
2026-01-13 17:07:35,443,"Bitcoin Up or Down - January 13, 4:00AM-4:15AM ET",price_change,DOWN,0.04,2420.33,0.04,0.05
2026-01-13 17:07:36,443,"Bitcoin Up or Down - January 13, 4:00AM-4:15AM ET",price_change,UP,0.91,2195.84,0.95,0.96
2026-01-13 17:07:37,442,"Bitcoin Up or Down - January 13, 4:00AM-4:15AM ET",price_change,DOWN,0.03,1643.02,0.04,0.05
2026-01-13 17:07:37,442,"Bitcoin Up or Down - January 13, 4:00AM-4:15AM ET",price_change,UP,0.59,1189.4,0.95,0.96
2026-01-13 17:07:37,441,"Bitcoin Up or Down - January 13, 4:00AM-4:15AM ET",price_change,UP,0.95,1121.59,0.95,0.96
2026-01-13 17:07:37,441,"Bitcoin Up or Down - January 13, 4:00AM-4:15AM ET",price_change,DOWN,0.03,1986.02,0.04,0.05
2026-01-13 17:07:38,440,"Bitcoin Up or Down - January 13, 4:00AM-4:15AM ET",price_change,UP,0.95,930.9,0.95,0.96
2026-01-13 17:07:39,440,"Bitcoin Up or Down - January 13, 4:00AM-4:15AM ET",price_change,DOWN,0.03,2052.72,0.04,0.06
2026-01-13 17:07:40,439,"Bitcoin Up or Down - January 13, 4:00AM-4:15AM ET",price_change,DOWN,0.04,2435.92,0.05,0.06
2026-01-13 17:07:40,439,"Bitcoin Up or Down - January 13, 4:00AM-4:15AM ET",price_change,UP,0.88,1103.55,0.94,0.95
2026-01-13 17:07:40,438,"Bitcoin Up or Down - January 13, 4:00AM-4:15AM ET",price_change,UP,0.87,1192.6,0.94,0.95
2026-01-13 17:07:40,438,"Bitcoin Up or Down - January 13, 4:00AM-4:15AM ET",price_change,DOWN,0.02,105817.11,0.05,0.06
2026-01-13 17:07:42,437,"Bitcoin Up or Down - January 13, 4:00AM-4:15AM ET",price_change,UP,0.9,2664.09,0.94,0.95
2026-01-13 17:07:42,437,"Bitcoin Up or Down - January 13, 4:00AM-4:15AM ET",price_change,DOWN,0.05,2269.33,0.05,0.06
2026-01-13 17:07:43,436,"Bitcoin Up or Down - January 13, 4:00AM-4:15AM ET",price_change,DOWN,0.04,2322.92,0.05,0.06
2026-01-13 17:07:43,436,"Bitcoin Up or Down - January 13, 4:00AM-4:15AM ET",price_change,UP,0.94,1224.49,0.94,0.95
2026-01-13 17:07:43,435,"Bitcoin Up or Down - January 13, 4:00AM-4:15AM ET",price_change,DOWN,0.02,105795.11,0.05,0.06
2026-01-13 17:07:44,435,"Bitcoin Up or Down - January 13, 4:00AM-4:15AM ET",price_change,UP,0.92,461,0.94,0.95
2026-01-13 17:07:45,434,"Bitcoin Up or Down - January 13, 4:00AM-4:15AM ET",price_change,DOWN,0.04,2397.9,0.05,0.06
2026-01-13 17:07:45,434,"Bitcoin Up or Down - January 13, 4:00AM-4:15AM ET",price_change,UP,0.9,2659.09,0.94,0.95
2026-01-13 17:07:46,433,"Bitcoin Up or Down - January 13, 4:00AM-4:15AM ET",price_change,DOWN,0.04,2387.9,0.05,0.06
2026-01-13 17:07:46,433,"Bitcoin Up or Down - January 13, 4:00AM-4:15AM ET",price_change,UP,0.9,2639.09,0.94,0.95
2026-01-13 17:07:46,432,"Bitcoin Up or Down - January 13, 4:00AM-4:15AM ET",price_change,DOWN,0.05,4153.07,0.06,0.07
2026-01-13 17:07:47,432,"Bitcoin Up or Down - January 13, 4:00AM-4:15AM ET",price_change,UP,0.93,904.85,0.93,0.94
2026-01-13 17:07:47,431,"Bitcoin Up or Down - January 13, 4:00AM-4:15AM ET",price_change,UP,0.93,232.35,0.93,0.94
2026-01-13 17:07:48,431,"Bitcoin Up or Down - January 13, 4:00AM-4:15AM ET",price_change,DOWN,0.04,2466.88,0.06,0.07
2026-01-13 17:07:49,430,"Bitcoin Up or Down - January 13, 4:00AM-4:15AM ET",price_change,DOWN,0.04,2491.82,0.06,0.07
2026-01-13 17:07:49,430,"Bitcoin Up or Down - January 13, 4:00AM-4:15AM ET",price_change,UP,0.9,2146.09,0.93,0.94
2026-01-13 17:07:49,429,"Bitcoin Up or Down - January 13, 4:00AM-4:15AM ET",price_change,UP,0.92,450.5,0.93,0.94
2026-01-13 17:07:50,429,"Bitcoin Up or Down - January 13, 4:00AM-4:15AM ET",price_change,DOWN,0.05,3176.31,0.06,0.07
2026-01-13 17:07:50,428,"Bitcoin Up or Down - January 13, 4:00AM-4:15AM ET",price_change,UP,0.92,1361.92,0.93,0.94
2026-01-13 17:07:51,428,"Bitcoin Up or Down - January 13, 4:00AM-4:15AM ET",price_change,DOWN,0.04,2633.4,0.06,0.07
