timestamp,left (real time),event,event_type,buy_pick,buy_price,buy_size,buy_best_bid,buy_best_ask
2026-01-14 06:43:27,93,"Bitcoin Up or Down - January 13, 5:30PM-5:45PM ET",price_change,UP,0.98,5032.05,0.99,1
2026-01-14 06:43:28,92,"Bitcoin Up or Down - January 13, 5:30PM-5:45PM ET",price_change,UP,0.93,1247.99,0.99,1
2026-01-14 06:43:29,91,"Bitcoin Up or Down - January 13, 5:30PM-5:45PM ET",price_change,UP,0.85,780.39,0.99,1
2026-01-14 06:43:30,90,"Bitcoin Up or Down - January 13, 5:30PM-5:45PM ET",price_change,UP,0.99,9050.96,0.99,1
2026-01-14 06:43:31,89,"Bitcoin Up or Down - January 13, 5:30PM-5:45PM ET",price_change,UP,0.99,9500.39,0.99,1
2026-01-14 06:43:32,88,"Bitcoin Up or Down - January 13, 5:30PM-5:45PM ET",price_change,UP,0.99,9528.58,0.99,1
2026-01-14 06:43:33,87,"Bitcoin Up or Down - January 13, 5:30PM-5:45PM ET",price_change,UP,0.99,9279.17,0.99,1
2026-01-14 06:43:34,86,"Bitcoin Up or Down - January 13, 5:30PM-5:45PM ET",price_change,UP,0.98,4358.05,0.99,1
2026-01-14 06:43:35,85,"Bitcoin Up or Down - January 13, 5:30PM-5:45PM ET",price_change,UP,0.99,9268.06,0.99,1
2026-01-14 06:43:36,84,"Bitcoin Up or Down - January 13, 5:30PM-5:45PM ET",price_change,UP,0.99,8907.29,0.99,1
2026-01-14 06:43:37,83,"Bitcoin Up or Down - January 13, 5:30PM-5:45PM ET",price_change,UP,0.79,792.8,0.99,1
2026-01-14 06:43:38,82,"Bitcoin Up or Down - January 13, 5:30PM-5:45PM ET",price_change,UP,0.99,8926.63,0.99,1
2026-01-14 06:43:39,81,"Bitcoin Up or Down - January 13, 5:30PM-5:45PM ET",price_change,UP,0.99,8906.63,0.99,1
2026-01-14 06:43:40,80,"Bitcoin Up or Down - January 13, 5:30PM-5:45PM ET",price_change,UP,0.98,5040.05,0.99,1
2026-01-14 06:43:41,79,"Bitcoin Up or Down - January 13, 5:30PM-5:45PM ET",price_change,UP,0.96,1006.58,0.99,1
2026-01-14 06:43:42,78,"Bitcoin Up or Down - January 13, 5:30PM-5:45PM ET",price_change,UP,0.79,787.8,0.99,1
2026-01-14 06:43:43,77,"Bitcoin Up or Down - January 13, 5:30PM-5:45PM ET",price_change,UP,0.97,1538.19,0.99,1
2026-01-14 06:43:44,76,"Bitcoin Up or Down - January 13, 5:30PM-5:45PM ET",price_change,UP,0.85,780.39,0.99,1
2026-01-14 06:43:45,75,"Bitcoin Up or Down - January 13, 5:30PM-5:45PM ET",price_change,UP,0.63,775.6,0.99,1
2026-01-14 06:43:46,74,"Bitcoin Up or Down - January 13, 5:30PM-5:45PM ET",price_change,UP,0.64,887.57,0.99,1
2026-01-14 06:43:47,73,"Bitcoin Up or Down - January 13, 5:30PM-5:45PM ET",price_change,UP,0.97,1418.27,0.99,1
2026-01-14 06:43:48,72,"Bitcoin Up or Down - January 13, 5:30PM-5:45PM ET",price_change,UP,0.99,8541.97,0.99,1
2026-01-14 06:43:49,71,"Bitcoin Up or Down - January 13, 5:30PM-5:45PM ET",price_change,UP,0.97,1418.27,0.99,1
2026-01-14 06:43:50,70,"Bitcoin Up or Down - January 13, 5:30PM-5:45PM ET",price_change,UP,0.95,1787.32,0.99,1
2026-01-14 06:43:51,69,"Bitcoin Up or Down - January 13, 5:30PM-5:45PM ET",price_change,UP,0.96,1016.58,0.99,1
2026-01-14 06:43:52,68,"Bitcoin Up or Down - January 13, 5:30PM-5:45PM ET",price_change,UP,0.99,8740.89,0.99,1
2026-01-14 06:43:53,67,"Bitcoin Up or Down - January 13, 5:30PM-5:45PM ET",price_change,UP,0.97,1430.27,0.99,1
2026-01-14 06:43:54,66,"Bitcoin Up or Down - January 13, 5:30PM-5:45PM ET",price_change,UP,0.86,807.6,0.99,1
2026-01-14 06:43:55,65,"Bitcoin Up or Down - January 13, 5:30PM-5:45PM ET",price_change,UP,0.98,4230.3,0.99,1
2026-01-14 06:43:56,64,"Bitcoin Up or Down - January 13, 5:30PM-5:45PM ET",price_change,UP,0.63,775.6,0.99,1
2026-01-14 06:43:57,63,"Bitcoin Up or Down - January 13, 5:30PM-5:45PM ET",price_change,UP,0.98,4249.3,0.99,1
2026-01-14 06:43:58,62,"Bitcoin Up or Down - January 13, 5:30PM-5:45PM ET",price_change,UP,0.98,4242.3,0.99,1
2026-01-14 06:43:59,61,"Bitcoin Up or Down - January 13, 5:30PM-5:45PM ET",price_change,UP,0.63,775.6,0.99,1
2026-01-14 06:44:00,60,"Bitcoin Up or Down - January 13, 5:30PM-5:45PM ET",price_change,UP,0.99,7867.89,0.99,1
2026-01-14 06:44:01,59,"Bitcoin Up or Down - January 13, 5:30PM-5:45PM ET",price_change,UP,0.01,13171.22,0.99,1
2026-01-14 06:44:02,58,"Bitcoin Up or Down - January 13, 5:30PM-5:45PM ET",price_change,UP,0.91,1815.13,0.99,1
2026-01-14 06:44:03,57,"Bitcoin Up or Down - January 13, 5:30PM-5:45PM ET",price_change,UP,0.99,7847.86,0.99,1
2026-01-14 06:44:04,56,"Bitcoin Up or Down - January 13, 5:30PM-5:45PM ET",price_change,UP,0.99,9987.86,0.99,1
2026-01-14 06:44:05,55,"Bitcoin Up or Down - January 13, 5:30PM-5:45PM ET",price_change,UP,0.99,9997.86,0.99,1
2026-01-14 06:44:06,54,"Bitcoin Up or Down - January 13, 5:30PM-5:45PM ET",price_change,UP,0.99,10979.88,0.99,1
2026-01-14 06:44:07,53,"Bitcoin Up or Down - January 13, 5:30PM-5:45PM ET",price_change,UP,0.99,10974.88,0.99,1
2026-01-14 06:44:08,52,"Bitcoin Up or Down - January 13, 5:30PM-5:45PM ET",price_change,UP,0.99,10979.88,0.99,1
2026-01-14 06:44:09,51,"Bitcoin Up or Down - January 13, 5:30PM-5:45PM ET",price_change,UP,0.99,10984.91,0.99,1
2026-01-14 06:44:10,50,"Bitcoin Up or Down - January 13, 5:30PM-5:45PM ET",price_change,UP,0.79,787.8,0.99,1
2026-01-14 06:44:11,49,"Bitcoin Up or Down - January 13, 5:30PM-5:45PM ET",price_change,UP,0.97,1472.27,0.99,1
2026-01-14 06:44:12,48,"Bitcoin Up or Down - January 13, 5:30PM-5:45PM ET",price_change,UP,0.97,1446.27,0.99,1
2026-01-14 06:44:13,47,"Bitcoin Up or Down - January 13, 5:30PM-5:45PM ET",price_change,UP,0.98,4179.3,0.99,1
2026-01-14 06:44:14,46,"Bitcoin Up or Down - January 13, 5:30PM-5:45PM ET",price_change,UP,0.57,768.3,0.99,1
2026-01-14 06:44:15,45,"Bitcoin Up or Down - January 13, 5:30PM-5:45PM ET",price_change,UP,0.98,4224.3,0.99,1
2026-01-14 06:44:16,44,"Bitcoin Up or Down - January 13, 5:30PM-5:45PM ET",price_change,UP,0.95,1830.52,0.99,1
2026-01-14 06:44:17,43,"Bitcoin Up or Down - January 13, 5:30PM-5:45PM ET",price_change,UP,0.79,787.8,0.99,1
2026-01-14 06:44:18,42,"Bitcoin Up or Down - January 13, 5:30PM-5:45PM ET",price_change,UP,0.58,752.49,0.99,1
2026-01-14 06:44:19,41,"Bitcoin Up or Down - January 13, 5:30PM-5:45PM ET",price_change,UP,0.58,752.49,0.99,1
2026-01-14 06:44:20,40,"Bitcoin Up or Down - January 13, 5:30PM-5:45PM ET",price_change,UP,0.58,752.49,0.99,1
2026-01-14 06:44:21,39,"Bitcoin Up or Down - January 13, 5:30PM-5:45PM ET",price_change,UP,0.96,1016.58,0.99,1
2026-01-14 06:44:22,38,"Bitcoin Up or Down - January 13, 5:30PM-5:45PM ET",price_change,UP,0.58,752.49,0.99,1
2026-01-14 06:44:23,37,"Bitcoin Up or Down - January 13, 5:30PM-5:45PM ET",price_change,UP,0.84,799.39,0.99,1
2026-01-14 06:44:24,36,"Bitcoin Up or Down - January 13, 5:30PM-5:45PM ET",price_change,UP,0.99,8403.91,0.99,1
2026-01-14 06:44:25,35,"Bitcoin Up or Down - January 13, 5:30PM-5:45PM ET",price_change,UP,0.98,4187.3,0.99,1
2026-01-14 06:44:26,34,"Bitcoin Up or Down - January 13, 5:30PM-5:45PM ET",price_change,UP,0.58,752.49,0.99,1
2026-01-14 06:44:27,33,"Bitcoin Up or Down - January 13, 5:30PM-5:45PM ET",price_change,UP,0.98,3505.3,0.99,1
2026-01-14 06:44:28,32,"Bitcoin Up or Down - January 13, 5:30PM-5:45PM ET",price_change,UP,0.92,1030.2,0.99,1
2026-01-14 06:44:29,31,"Bitcoin Up or Down - January 13, 5:30PM-5:45PM ET",price_change,UP,0.88,1627.41,0.99,1
2026-01-14 06:44:30,30,"Bitcoin Up or Down - January 13, 5:30PM-5:45PM ET",price_change,UP,0.24,800,0.99,1
2026-01-14 06:44:31,29,"Bitcoin Up or Down - January 13, 5:30PM-5:45PM ET",price_change,UP,0.91,1769.33,0.99,1
2026-01-14 06:44:32,28,"Bitcoin Up or Down - January 13, 5:30PM-5:45PM ET",price_change,UP,0.98,3366.7,0.99,1
2026-01-14 06:44:33,27,"Bitcoin Up or Down - January 13, 5:30PM-5:45PM ET",price_change,UP,0.98,3384.7,0.99,1
2026-01-14 06:44:34,26,"Bitcoin Up or Down - January 13, 5:30PM-5:45PM ET",price_change,UP,0.98,3366.7,0.99,1
2026-01-14 06:44:35,25,"Bitcoin Up or Down - January 13, 5:30PM-5:45PM ET",price_change,UP,0.97,1388.87,0.99,1
2026-01-14 06:44:36,24,"Bitcoin Up or Down - January 13, 5:30PM-5:45PM ET",price_change,UP,0.92,244.8,0.99,1
2026-01-14 06:44:37,23,"Bitcoin Up or Down - January 13, 5:30PM-5:45PM ET",price_change,UP,0.98,3491.62,0.99,1
2026-01-14 06:44:38,22,"Bitcoin Up or Down - January 13, 5:30PM-5:45PM ET",price_change,UP,0.92,230.8,0.99,1
2026-01-14 06:44:39,21,"Bitcoin Up or Down - January 13, 5:30PM-5:45PM ET",price_change,UP,0.99,10491.4,0.99,1
2026-01-14 06:44:40,20,"Bitcoin Up or Down - January 13, 5:30PM-5:45PM ET",price_change,UP,0.58,5,0.99,1
2026-01-14 06:44:41,19,"Bitcoin Up or Down - January 13, 5:30PM-5:45PM ET",price_change,UP,0.01,7889.92,0.99,1
2026-01-14 06:44:42,18,"Bitcoin Up or Down - January 13, 5:30PM-5:45PM ET",price_change,UP,0.94,1233.08,0.99,1
2026-01-14 06:44:43,17,"Bitcoin Up or Down - January 13, 5:30PM-5:45PM ET",price_change,UP,0.93,441.99,0.99,1
2026-01-14 06:44:44,16,"Bitcoin Up or Down - January 13, 5:30PM-5:45PM ET",price_change,UP,0.92,230.8,0.99,1
2026-01-14 06:44:45,15,"Bitcoin Up or Down - January 13, 5:30PM-5:45PM ET",price_change,UP,0.98,3330.7,0.99,1
2026-01-14 06:44:46,14,"Bitcoin Up or Down - January 13, 5:30PM-5:45PM ET",price_change,UP,0.61,20,0.99,1
2026-01-14 06:44:47,13,"Bitcoin Up or Down - January 13, 5:30PM-5:45PM ET",price_change,UP,0.9,115,0.99,1
2026-01-14 06:44:48,12,"Bitcoin Up or Down - January 13, 5:30PM-5:45PM ET",price_change,UP,0.61,20,0.99,1
2026-01-14 06:44:49,11,"Bitcoin Up or Down - January 13, 5:30PM-5:45PM ET",price_change,UP,0.61,20,0.99,1
2026-01-14 06:44:50,10,"Bitcoin Up or Down - January 13, 5:30PM-5:45PM ET",price_change,UP,0.3,44,0.99,1
2026-01-14 06:44:51,9,"Bitcoin Up or Down - January 13, 5:30PM-5:45PM ET",price_change,UP,0.98,3325.7,0.99,1
2026-01-14 06:44:52,8,"Bitcoin Up or Down - January 13, 5:30PM-5:45PM ET",price_change,UP,0.99,18438.44,0.99,1
2026-01-14 06:44:53,7,"Bitcoin Up or Down - January 13, 5:30PM-5:45PM ET",price_change,UP,0.97,1248.8,0.99,1
2026-01-14 06:44:54,6,"Bitcoin Up or Down - January 13, 5:30PM-5:45PM ET",price_change,UP,0.99,18725.44,0.99,1
2026-01-14 06:44:55,5,"Bitcoin Up or Down - January 13, 5:30PM-5:45PM ET",price_change,UP,0.61,25,0.99,1
2026-01-14 06:44:56,4,"Bitcoin Up or Down - January 13, 5:30PM-5:45PM ET",price_change,UP,0.91,974.73,0.99,1
2026-01-14 06:44:57,3,"Bitcoin Up or Down - January 13, 5:30PM-5:45PM ET",price_change,UP,0.61,15,0.99,1
2026-01-14 06:44:58,2,"Bitcoin Up or Down - January 13, 5:30PM-5:45PM ET",price_change,UP,0.79,25,0.99,1
2026-01-14 06:44:59,1,"Bitcoin Up or Down - January 13, 5:30PM-5:45PM ET",price_change,UP,0.79,30,0.99,1
2026-01-14 06:45:00,900,"Bitcoin Up or Down - January 13, 5:45PM-6:00PM ET",price_change,DOWN,0.53,1853.3,0.53,0.55
2026-01-14 06:45:00,900,"Bitcoin Up or Down - January 13, 5:45PM-6:00PM ET",price_change,UP,0.35,6,0.45,0.47
2026-01-14 06:45:01,899,"Bitcoin Up or Down - January 13, 5:45PM-6:00PM ET",price_change,UP,0.05,261,0.45,0.47
2026-01-14 06:45:01,899,"Bitcoin Up or Down - January 13, 5:45PM-6:00PM ET",price_change,DOWN,0.48,86.62,0.53,0.55
2026-01-14 06:45:02,898,"Bitcoin Up or Down - January 13, 5:45PM-6:00PM ET",price_change,DOWN,0.48,261.62,0.54,0.55
2026-01-14 06:45:02,898,"Bitcoin Up or Down - January 13, 5:45PM-6:00PM ET",price_change,UP,0.45,1277.51,0.45,0.46
2026-01-14 06:45:03,897,"Bitcoin Up or Down - January 13, 5:45PM-6:00PM ET",price_change,UP,0.46,1342.35,0.46,0.47
2026-01-14 06:45:03,897,"Bitcoin Up or Down - January 13, 5:45PM-6:00PM ET",price_change,DOWN,0.51,941.41,0.53,0.54
2026-01-14 06:45:04,896,"Bitcoin Up or Down - January 13, 5:45PM-6:00PM ET",price_change,DOWN,0.51,959.23,0.53,0.54
2026-01-14 06:45:04,896,"Bitcoin Up or Down - January 13, 5:45PM-6:00PM ET",price_change,UP,0.26,127,0.46,0.47
2026-01-14 06:45:05,895,"Bitcoin Up or Down - January 13, 5:45PM-6:00PM ET",price_change,UP,0.46,1258.35,0.46,0.47
2026-01-14 06:45:05,895,"Bitcoin Up or Down - January 13, 5:45PM-6:00PM ET",price_change,DOWN,0.48,146.62,0.53,0.54
2026-01-14 06:45:06,894,"Bitcoin Up or Down - January 13, 5:45PM-6:00PM ET",price_change,UP,0.48,382.5,0.48,0.49
2026-01-14 06:45:06,894,"Bitcoin Up or Down - January 13, 5:45PM-6:00PM ET",price_change,DOWN,0.49,215.84,0.51,0.52
2026-01-14 06:45:07,893,"Bitcoin Up or Down - January 13, 5:45PM-6:00PM ET",price_change,UP,0.49,1063.17,0.49,0.5
2026-01-14 06:45:07,893,"Bitcoin Up or Down - January 13, 5:45PM-6:00PM ET",price_change,DOWN,0.5,98.38,0.5,0.51
2026-01-14 06:45:08,892,"Bitcoin Up or Down - January 13, 5:45PM-6:00PM ET",price_change,UP,0.19,5,0.49,0.5
2026-01-14 06:45:08,892,"Bitcoin Up or Down - January 13, 5:45PM-6:00PM ET",price_change,DOWN,0.5,227.84,0.5,0.51
2026-01-14 06:45:09,891,"Bitcoin Up or Down - January 13, 5:45PM-6:00PM ET",price_change,DOWN,0.37,10,0.5,0.51
2026-01-14 06:45:09,891,"Bitcoin Up or Down - January 13, 5:45PM-6:00PM ET",price_change,UP,0.48,1099.5,0.49,0.5
2026-01-14 06:45:10,890,"Bitcoin Up or Down - January 13, 5:45PM-6:00PM ET",price_change,UP,0.49,991.96,0.49,0.5
2026-01-14 06:45:10,890,"Bitcoin Up or Down - January 13, 5:45PM-6:00PM ET",price_change,DOWN,0.46,126.92,0.5,0.51
2026-01-14 06:45:11,889,"Bitcoin Up or Down - January 13, 5:45PM-6:00PM ET",price_change,DOWN,0.34,27.88,0.5,0.51
2026-01-14 06:45:11,889,"Bitcoin Up or Down - January 13, 5:45PM-6:00PM ET",price_change,UP,0.48,1186,0.49,0.5
2026-01-14 06:45:12,888,"Bitcoin Up or Down - January 13, 5:45PM-6:00PM ET",price_change,UP,0.49,0,0.48,0.5
2026-01-14 06:45:12,888,"Bitcoin Up or Down - January 13, 5:45PM-6:00PM ET",price_change,DOWN,0.48,166.29,0.5,0.52
2026-01-14 06:45:13,887,"Bitcoin Up or Down - January 13, 5:45PM-6:00PM ET",price_change,UP,0.39,51,0.49,0.5
2026-01-14 06:45:13,887,"Bitcoin Up or Down - January 13, 5:45PM-6:00PM ET",price_change,DOWN,0.48,245.21,0.5,0.51
2026-01-14 06:45:14,886,"Bitcoin Up or Down - January 13, 5:45PM-6:00PM ET",price_change,UP,0.49,25.5,0.49,0.5
2026-01-14 06:45:14,886,"Bitcoin Up or Down - January 13, 5:45PM-6:00PM ET",price_change,DOWN,0.44,171.92,0.5,0.51
2026-01-14 06:45:15,885,"Bitcoin Up or Down - January 13, 5:45PM-6:00PM ET",price_change,DOWN,0.48,280.21,0.5,0.51
2026-01-14 06:45:15,885,"Bitcoin Up or Down - January 13, 5:45PM-6:00PM ET",price_change,UP,0.49,1028.53,0.49,0.5
2026-01-14 06:45:16,884,"Bitcoin Up or Down - January 13, 5:45PM-6:00PM ET",price_change,UP,0.49,199.45,0.49,0.5
2026-01-14 06:45:16,884,"Bitcoin Up or Down - January 13, 5:45PM-6:00PM ET",price_change,DOWN,0.46,176.92,0.5,0.51
2026-01-14 06:45:17,883,"Bitcoin Up or Down - January 13, 5:45PM-6:00PM ET",price_change,UP,0.48,231.5,0.49,0.5
2026-01-14 06:45:17,883,"Bitcoin Up or Down - January 13, 5:45PM-6:00PM ET",price_change,DOWN,0.01,7682.04,0.5,0.51
2026-01-14 06:45:18,882,"Bitcoin Up or Down - January 13, 5:45PM-6:00PM ET",price_change,DOWN,0.44,196.92,0.49,0.5
2026-01-14 06:45:18,882,"Bitcoin Up or Down - January 13, 5:45PM-6:00PM ET",price_change,UP,0.5,1327.92,0.5,0.51
2026-01-14 06:45:19,881,"Bitcoin Up or Down - January 13, 5:45PM-6:00PM ET",price_change,UP,0.51,1314.56,0.51,0.52
2026-01-14 06:45:19,881,"Bitcoin Up or Down - January 13, 5:45PM-6:00PM ET",price_change,DOWN,0.45,890,0.48,0.49
2026-01-14 06:45:20,880,"Bitcoin Up or Down - January 13, 5:45PM-6:00PM ET",price_change,DOWN,0.34,27.88,0.48,0.49
2026-01-14 06:45:20,880,"Bitcoin Up or Down - January 13, 5:45PM-6:00PM ET",price_change,UP,0.5,1155.21,0.51,0.52
2026-01-14 06:45:21,879,"Bitcoin Up or Down - January 13, 5:45PM-6:00PM ET",price_change,UP,0.51,1321.95,0.51,0.52
2026-01-14 06:45:21,879,"Bitcoin Up or Down - January 13, 5:45PM-6:00PM ET",price_change,DOWN,0.48,141.5,0.48,0.49
2026-01-14 06:45:22,878,"Bitcoin Up or Down - January 13, 5:45PM-6:00PM ET",price_change,DOWN,0.48,159.6,0.48,0.49
2026-01-14 06:45:22,878,"Bitcoin Up or Down - January 13, 5:45PM-6:00PM ET",price_change,UP,0.51,1305.64,0.51,0.52
2026-01-14 06:45:23,877,"Bitcoin Up or Down - January 13, 5:45PM-6:00PM ET",price_change,UP,0.51,1192.98,0.51,0.52
2026-01-14 06:45:23,877,"Bitcoin Up or Down - January 13, 5:45PM-6:00PM ET",price_change,DOWN,0.48,214.7,0.48,0.49
2026-01-14 06:45:24,876,"Bitcoin Up or Down - January 13, 5:45PM-6:00PM ET",price_change,UP,0.5,1204.5,0.51,0.52
2026-01-14 06:45:24,876,"Bitcoin Up or Down - January 13, 5:45PM-6:00PM ET",price_change,DOWN,0.48,168.11,0.48,0.49
2026-01-14 06:45:25,875,"Bitcoin Up or Down - January 13, 5:45PM-6:00PM ET",price_change,DOWN,0.29,27,0.48,0.49
2026-01-14 06:45:25,875,"Bitcoin Up or Down - January 13, 5:45PM-6:00PM ET",price_change,UP,0.5,1204.5,0.51,0.52
2026-01-14 06:45:26,874,"Bitcoin Up or Down - January 13, 5:45PM-6:00PM ET",price_change,UP,0.51,1377.59,0.51,0.52
2026-01-14 06:45:26,874,"Bitcoin Up or Down - January 13, 5:45PM-6:00PM ET",price_change,DOWN,0.48,59.19,0.48,0.49
2026-01-14 06:45:27,873,"Bitcoin Up or Down - January 13, 5:45PM-6:00PM ET",price_change,UP,0.52,739.47,0.52,0.53
2026-01-14 06:45:27,873,"Bitcoin Up or Down - January 13, 5:45PM-6:00PM ET",price_change,DOWN,0.02,6934.31,0.47,0.48
2026-01-14 06:45:28,872,"Bitcoin Up or Down - January 13, 5:45PM-6:00PM ET",price_change,DOWN,0.43,876.92,0.47,0.48
2026-01-14 06:45:28,872,"Bitcoin Up or Down - January 13, 5:45PM-6:00PM ET",price_change,UP,0.52,1646.43,0.52,0.53
2026-01-14 06:45:29,871,"Bitcoin Up or Down - January 13, 5:45PM-6:00PM ET",price_change,UP,0.52,1341.72,0.52,0.53
2026-01-14 06:45:29,871,"Bitcoin Up or Down - January 13, 5:45PM-6:00PM ET",price_change,DOWN,0.47,223.66,0.47,0.48
2026-01-14 06:45:30,870,"Bitcoin Up or Down - January 13, 5:45PM-6:00PM ET",price_change,DOWN,0.47,144.56,0.47,0.48
2026-01-14 06:45:30,870,"Bitcoin Up or Down - January 13, 5:45PM-6:00PM ET",price_change,UP,0.52,1061.21,0.52,0.53
2026-01-14 06:45:31,869,"Bitcoin Up or Down - January 13, 5:45PM-6:00PM ET",price_change,DOWN,0.42,866.92,0.47,0.48
2026-01-14 06:45:31,869,"Bitcoin Up or Down - January 13, 5:45PM-6:00PM ET",price_change,UP,0.51,1848.85,0.52,0.53
2026-01-14 06:45:32,868,"Bitcoin Up or Down - January 13, 5:45PM-6:00PM ET",price_change,DOWN,0.46,1130.92,0.47,0.48
2026-01-14 06:45:32,868,"Bitcoin Up or Down - January 13, 5:45PM-6:00PM ET",price_change,UP,0.44,824.82,0.52,0.53
2026-01-14 06:45:33,867,"Bitcoin Up or Down - January 13, 5:45PM-6:00PM ET",price_change,UP,0.53,100,0.53,0.54
2026-01-14 06:45:33,867,"Bitcoin Up or Down - January 13, 5:45PM-6:00PM ET",price_change,DOWN,0.32,755,0.46,0.47
2026-01-14 06:45:34,866,"Bitcoin Up or Down - January 13, 5:45PM-6:00PM ET",price_change,UP,0.53,194.15,0.53,0.54
2026-01-14 06:45:34,866,"Bitcoin Up or Down - January 13, 5:45PM-6:00PM ET",price_change,DOWN,0.46,981.92,0.46,0.47
2026-01-14 06:45:35,865,"Bitcoin Up or Down - January 13, 5:45PM-6:00PM ET",price_change,DOWN,0.42,893.92,0.46,0.47
2026-01-14 06:45:35,865,"Bitcoin Up or Down - January 13, 5:45PM-6:00PM ET",price_change,UP,0.52,1355.9,0.53,0.54
2026-01-14 06:45:36,864,"Bitcoin Up or Down - January 13, 5:45PM-6:00PM ET",price_change,DOWN,0.42,893.92,0.46,0.47
2026-01-14 06:45:36,864,"Bitcoin Up or Down - January 13, 5:45PM-6:00PM ET",price_change,UP,0.53,136.8,0.53,0.54
2026-01-14 06:45:37,863,"Bitcoin Up or Down - January 13, 5:45PM-6:00PM ET",price_change,DOWN,0.42,893.92,0.46,0.47
2026-01-14 06:45:37,863,"Bitcoin Up or Down - January 13, 5:45PM-6:00PM ET",price_change,UP,0.53,900.15,0.53,0.54
2026-01-14 06:45:38,862,"Bitcoin Up or Down - January 13, 5:45PM-6:00PM ET",price_change,UP,0.52,1263.3,0.53,0.54
2026-01-14 06:45:38,862,"Bitcoin Up or Down - January 13, 5:45PM-6:00PM ET",price_change,DOWN,0.42,893.92,0.46,0.47
2026-01-14 06:45:39,861,"Bitcoin Up or Down - January 13, 5:45PM-6:00PM ET",price_change,DOWN,0.42,943.92,0.46,0.47
2026-01-14 06:45:39,861,"Bitcoin Up or Down - January 13, 5:45PM-6:00PM ET",price_change,UP,0.53,863.35,0.53,0.54
2026-01-14 06:45:40,860,"Bitcoin Up or Down - January 13, 5:45PM-6:00PM ET",price_change,DOWN,0.42,943.92,0.46,0.47
2026-01-14 06:45:40,860,"Bitcoin Up or Down - January 13, 5:45PM-6:00PM ET",price_change,UP,0.53,876,0.53,0.54
2026-01-14 06:45:41,859,"Bitcoin Up or Down - January 13, 5:45PM-6:00PM ET",price_change,DOWN,0.42,943.92,0.46,0.47
2026-01-14 06:45:41,859,"Bitcoin Up or Down - January 13, 5:45PM-6:00PM ET",price_change,UP,0.51,1536.22,0.53,0.54
2026-01-14 06:45:42,858,"Bitcoin Up or Down - January 13, 5:45PM-6:00PM ET",price_change,DOWN,0.42,923.92,0.46,0.47
2026-01-14 06:45:42,858,"Bitcoin Up or Down - January 13, 5:45PM-6:00PM ET",price_change,UP,0.5,1968.92,0.53,0.54
2026-01-14 06:45:43,857,"Bitcoin Up or Down - January 13, 5:45PM-6:00PM ET",price_change,DOWN,0.42,923.92,0.46,0.47
2026-01-14 06:45:43,857,"Bitcoin Up or Down - January 13, 5:45PM-6:00PM ET",price_change,UP,0.47,1762.77,0.53,0.54
2026-01-14 06:45:44,856,"Bitcoin Up or Down - January 13, 5:45PM-6:00PM ET",price_change,DOWN,0.42,923.92,0.46,0.47
2026-01-14 06:45:44,856,"Bitcoin Up or Down - January 13, 5:45PM-6:00PM ET",price_change,UP,0.53,886.11,0.53,0.54
2026-01-14 06:45:45,855,"Bitcoin Up or Down - January 13, 5:45PM-6:00PM ET",price_change,DOWN,0.42,923.92,0.46,0.47
2026-01-14 06:45:45,855,"Bitcoin Up or Down - January 13, 5:45PM-6:00PM ET",price_change,UP,0.49,2590.92,0.53,0.54
2026-01-14 06:45:46,854,"Bitcoin Up or Down - January 13, 5:45PM-6:00PM ET",price_change,DOWN,0.42,923.92,0.46,0.47
2026-01-14 06:45:46,854,"Bitcoin Up or Down - January 13, 5:45PM-6:00PM ET",price_change,UP,0.51,1513.22,0.53,0.54
2026-01-14 06:45:47,853,"Bitcoin Up or Down - January 13, 5:45PM-6:00PM ET",price_change,DOWN,0.42,923.92,0.46,0.47
2026-01-14 06:45:47,853,"Bitcoin Up or Down - January 13, 5:45PM-6:00PM ET",price_change,UP,0.51,1628.72,0.53,0.54
2026-01-14 06:45:48,852,"Bitcoin Up or Down - January 13, 5:45PM-6:00PM ET",price_change,DOWN,0.44,855,0.46,0.47
2026-01-14 06:45:48,852,"Bitcoin Up or Down - January 13, 5:45PM-6:00PM ET",price_change,UP,0.46,886,0.53,0.54
2026-01-14 06:45:49,851,"Bitcoin Up or Down - January 13, 5:45PM-6:00PM ET",price_change,DOWN,0.44,870,0.46,0.47
2026-01-14 06:45:49,851,"Bitcoin Up or Down - January 13, 5:45PM-6:00PM ET",price_change,UP,0.53,712.48,0.53,0.54
2026-01-14 06:45:50,850,"Bitcoin Up or Down - January 13, 5:45PM-6:00PM ET",price_change,DOWN,0.44,887.83,0.46,0.47
2026-01-14 06:45:50,850,"Bitcoin Up or Down - January 13, 5:45PM-6:00PM ET",price_change,UP,0.53,712.48,0.53,0.54
2026-01-14 06:45:51,849,"Bitcoin Up or Down - January 13, 5:45PM-6:00PM ET",price_change,DOWN,0.41,981.92,0.46,0.47
2026-01-14 06:45:51,849,"Bitcoin Up or Down - January 13, 5:45PM-6:00PM ET",price_change,UP,0.52,466.35,0.53,0.54
2026-01-14 06:45:52,848,"Bitcoin Up or Down - January 13, 5:45PM-6:00PM ET",price_change,UP,0.53,1777.45,0.53,0.54
2026-01-14 06:45:52,848,"Bitcoin Up or Down - January 13, 5:45PM-6:00PM ET",price_change,DOWN,0.45,474.92,0.46,0.47
2026-01-14 06:45:53,847,"Bitcoin Up or Down - January 13, 5:45PM-6:00PM ET",price_change,DOWN,0.41,981.92,0.46,0.47
2026-01-14 06:45:53,847,"Bitcoin Up or Down - January 13, 5:45PM-6:00PM ET",price_change,UP,0.53,1728.11,0.53,0.54
2026-01-14 06:45:54,846,"Bitcoin Up or Down - January 13, 5:45PM-6:00PM ET",price_change,UP,0.53,1734.95,0.53,0.54
2026-01-14 06:45:54,846,"Bitcoin Up or Down - January 13, 5:45PM-6:00PM ET",price_change,DOWN,0.41,981.92,0.46,0.47
2026-01-14 06:45:55,845,"Bitcoin Up or Down - January 13, 5:45PM-6:00PM ET",price_change,DOWN,0.41,981.92,0.46,0.47
2026-01-14 06:45:55,845,"Bitcoin Up or Down - January 13, 5:45PM-6:00PM ET",price_change,UP,0.53,811.11,0.53,0.54
2026-01-14 06:45:56,844,"Bitcoin Up or Down - January 13, 5:45PM-6:00PM ET",price_change,DOWN,0.41,881.92,0.46,0.47
2026-01-14 06:45:56,844,"Bitcoin Up or Down - January 13, 5:45PM-6:00PM ET",price_change,UP,0.53,808.45,0.53,0.54
2026-01-14 06:45:57,843,"Bitcoin Up or Down - January 13, 5:45PM-6:00PM ET",price_change,DOWN,0.41,881.92,0.46,0.47
2026-01-14 06:45:57,843,"Bitcoin Up or Down - January 13, 5:45PM-6:00PM ET",price_change,UP,0.53,733.11,0.53,0.54
2026-01-14 06:45:58,842,"Bitcoin Up or Down - January 13, 5:45PM-6:00PM ET",price_change,DOWN,0.41,881.92,0.46,0.47
2026-01-14 06:45:58,842,"Bitcoin Up or Down - January 13, 5:45PM-6:00PM ET",price_change,UP,0.53,717.49,0.53,0.54
2026-01-14 06:45:59,841,"Bitcoin Up or Down - January 13, 5:45PM-6:00PM ET",price_change,DOWN,0.41,881.92,0.46,0.47
2026-01-14 06:45:59,841,"Bitcoin Up or Down - January 13, 5:45PM-6:00PM ET",price_change,UP,0.53,722.21,0.53,0.54
2026-01-14 06:46:00,840,"Bitcoin Up or Down - January 13, 5:45PM-6:00PM ET",price_change,DOWN,0.41,881.92,0.46,0.47
2026-01-14 06:46:00,840,"Bitcoin Up or Down - January 13, 5:45PM-6:00PM ET",price_change,UP,0.53,1840.21,0.53,0.54
2026-01-14 06:46:01,839,"Bitcoin Up or Down - January 13, 5:45PM-6:00PM ET",price_change,UP,0.5,671.36,0.5,0.52
2026-01-14 06:46:01,839,"Bitcoin Up or Down - January 13, 5:45PM-6:00PM ET",price_change,DOWN,0.46,1840.5,0.48,0.5
2026-01-14 06:46:02,838,"Bitcoin Up or Down - January 13, 5:45PM-6:00PM ET",price_change,DOWN,0.46,1660,0.47,0.48
2026-01-14 06:46:02,838,"Bitcoin Up or Down - January 13, 5:45PM-6:00PM ET",price_change,UP,0.52,60,0.52,0.53
2026-01-14 06:46:03,837,"Bitcoin Up or Down - January 13, 5:45PM-6:00PM ET",price_change,DOWN,0.37,875,0.47,0.48
2026-01-14 06:46:03,837,"Bitcoin Up or Down - January 13, 5:45PM-6:00PM ET",price_change,UP,0.5,881.2,0.52,0.53
2026-01-14 06:46:04,836,"Bitcoin Up or Down - January 13, 5:45PM-6:00PM ET",price_change,DOWN,0.46,1746.92,0.47,0.48
2026-01-14 06:46:04,836,"Bitcoin Up or Down - January 13, 5:45PM-6:00PM ET",price_change,UP,0.5,1122.2,0.52,0.53
2026-01-14 06:46:05,835,"Bitcoin Up or Down - January 13, 5:45PM-6:00PM ET",price_change,UP,0.52,1338.42,0.52,0.53
2026-01-14 06:46:05,835,"Bitcoin Up or Down - January 13, 5:45PM-6:00PM ET",price_change,DOWN,0.42,958.92,0.47,0.48
2026-01-14 06:46:06,834,"Bitcoin Up or Down - January 13, 5:45PM-6:00PM ET",price_change,DOWN,0.41,1072.92,0.47,0.48
2026-01-14 06:46:06,834,"Bitcoin Up or Down - January 13, 5:45PM-6:00PM ET",price_change,UP,0.47,1936.77,0.52,0.53
2026-01-14 06:46:07,833,"Bitcoin Up or Down - January 13, 5:45PM-6:00PM ET",price_change,DOWN,0.41,908.92,0.47,0.48
2026-01-14 06:46:07,833,"Bitcoin Up or Down - January 13, 5:45PM-6:00PM ET",price_change,UP,0.52,1320.42,0.52,0.53
2026-01-14 06:46:08,832,"Bitcoin Up or Down - January 13, 5:45PM-6:00PM ET",price_change,DOWN,0.42,993.92,0.47,0.48
2026-01-14 06:46:08,832,"Bitcoin Up or Down - January 13, 5:45PM-6:00PM ET",price_change,UP,0.33,35.06,0.52,0.53
2026-01-14 06:46:09,831,"Bitcoin Up or Down - January 13, 5:45PM-6:00PM ET",price_change,DOWN,0.42,983.92,0.47,0.48
2026-01-14 06:46:09,831,"Bitcoin Up or Down - January 13, 5:45PM-6:00PM ET",price_change,UP,0.52,227.72,0.52,0.53
2026-01-14 06:46:10,830,"Bitcoin Up or Down - January 13, 5:45PM-6:00PM ET",price_change,UP,0.51,432.84,0.52,0.53
2026-01-14 06:46:10,830,"Bitcoin Up or Down - January 13, 5:45PM-6:00PM ET",price_change,DOWN,0.42,948.92,0.47,0.48
2026-01-14 06:46:11,829,"Bitcoin Up or Down - January 13, 5:45PM-6:00PM ET",price_change,DOWN,0.42,935.92,0.47,0.48
2026-01-14 06:46:11,829,"Bitcoin Up or Down - January 13, 5:45PM-6:00PM ET",price_change,UP,0.48,1271.17,0.52,0.53
2026-01-14 06:46:12,828,"Bitcoin Up or Down - January 13, 5:45PM-6:00PM ET",price_change,UP,0.52,42.39,0.52,0.53
2026-01-14 06:46:12,828,"Bitcoin Up or Down - January 13, 5:45PM-6:00PM ET",price_change,DOWN,0.42,940.92,0.47,0.48
2026-01-14 06:46:13,827,"Bitcoin Up or Down - January 13, 5:45PM-6:00PM ET",price_change,DOWN,0.47,933.5,0.47,0.48
2026-01-14 06:46:13,827,"Bitcoin Up or Down - January 13, 5:45PM-6:00PM ET",price_change,UP,0.52,46,0.52,0.53
2026-01-14 06:46:14,826,"Bitcoin Up or Down - January 13, 5:45PM-6:00PM ET",price_change,DOWN,0.42,990.92,0.47,0.48
2026-01-14 06:46:14,826,"Bitcoin Up or Down - January 13, 5:45PM-6:00PM ET",price_change,UP,0.52,800,0.52,0.53
2026-01-14 06:46:15,825,"Bitcoin Up or Down - January 13, 5:45PM-6:00PM ET",price_change,DOWN,0.42,960.92,0.47,0.48
2026-01-14 06:46:15,825,"Bitcoin Up or Down - January 13, 5:45PM-6:00PM ET",price_change,UP,0.5,1237.84,0.52,0.53
2026-01-14 06:46:16,824,"Bitcoin Up or Down - January 13, 5:45PM-6:00PM ET",price_change,DOWN,0.42,950.92,0.47,0.48
2026-01-14 06:46:16,824,"Bitcoin Up or Down - January 13, 5:45PM-6:00PM ET",price_change,UP,0.4,1725.65,0.52,0.53
2026-01-14 06:46:17,823,"Bitcoin Up or Down - January 13, 5:45PM-6:00PM ET",price_change,DOWN,0.42,938.92,0.47,0.48
2026-01-14 06:46:17,823,"Bitcoin Up or Down - January 13, 5:45PM-6:00PM ET",price_change,UP,0.51,1163.92,0.52,0.53
2026-01-14 06:46:18,822,"Bitcoin Up or Down - January 13, 5:45PM-6:00PM ET",price_change,DOWN,0.42,950.92,0.47,0.48
2026-01-14 06:46:18,822,"Bitcoin Up or Down - January 13, 5:45PM-6:00PM ET",price_change,UP,0.52,1235.84,0.52,0.53
2026-01-14 06:46:19,821,"Bitcoin Up or Down - January 13, 5:45PM-6:00PM ET",price_change,DOWN,0.42,938.92,0.47,0.48
2026-01-14 06:46:19,821,"Bitcoin Up or Down - January 13, 5:45PM-6:00PM ET",price_change,UP,0.5,1213.84,0.52,0.53
2026-01-14 06:46:20,820,"Bitcoin Up or Down - January 13, 5:45PM-6:00PM ET",price_change,DOWN,0.37,865,0.47,0.48
2026-01-14 06:46:20,820,"Bitcoin Up or Down - January 13, 5:45PM-6:00PM ET",price_change,UP,0.52,1218.5,0.52,0.53
2026-01-14 06:46:21,819,"Bitcoin Up or Down - January 13, 5:45PM-6:00PM ET",price_change,DOWN,0.43,957.42,0.46,0.47
2026-01-14 06:46:21,819,"Bitcoin Up or Down - January 13, 5:45PM-6:00PM ET",price_change,UP,0.53,103.02,0.53,0.54
2026-01-14 06:46:22,818,"Bitcoin Up or Down - January 13, 5:45PM-6:00PM ET",price_change,DOWN,0.41,857,0.46,0.47
2026-01-14 06:46:22,818,"Bitcoin Up or Down - January 13, 5:45PM-6:00PM ET",price_change,UP,0.53,1222.5,0.53,0.54
2026-01-14 06:46:23,817,"Bitcoin Up or Down - January 13, 5:45PM-6:00PM ET",price_change,DOWN,0.4,2419.92,0.45,0.46
2026-01-14 06:46:23,817,"Bitcoin Up or Down - January 13, 5:45PM-6:00PM ET",price_change,UP,0.54,373.98,0.54,0.55
2026-01-14 06:46:24,816,"Bitcoin Up or Down - January 13, 5:45PM-6:00PM ET",price_change,DOWN,0.4,2406.92,0.45,0.46
2026-01-14 06:46:24,816,"Bitcoin Up or Down - January 13, 5:45PM-6:00PM ET",price_change,UP,0.54,1273.5,0.54,0.55
2026-01-14 06:46:25,815,"Bitcoin Up or Down - January 13, 5:45PM-6:00PM ET",price_change,DOWN,0.4,2419.92,0.45,0.46
2026-01-14 06:46:25,815,"Bitcoin Up or Down - January 13, 5:45PM-6:00PM ET",price_change,UP,0.54,1200.51,0.54,0.55
2026-01-14 06:46:26,814,"Bitcoin Up or Down - January 13, 5:45PM-6:00PM ET",price_change,DOWN,0.45,196.31,0.45,0.46
2026-01-14 06:46:26,814,"Bitcoin Up or Down - January 13, 5:45PM-6:00PM ET",price_change,UP,0.54,1937,0.54,0.55
2026-01-14 06:46:27,813,"Bitcoin Up or Down - January 13, 5:45PM-6:00PM ET",price_change,DOWN,0.4,2313,0.45,0.46
2026-01-14 06:46:27,813,"Bitcoin Up or Down - January 13, 5:45PM-6:00PM ET",price_change,UP,0.54,932,0.54,0.55
2026-01-14 06:46:28,812,"Bitcoin Up or Down - January 13, 5:45PM-6:00PM ET",price_change,DOWN,0.4,2456.92,0.45,0.46
2026-01-14 06:46:28,812,"Bitcoin Up or Down - January 13, 5:45PM-6:00PM ET",price_change,UP,0.54,871,0.54,0.55
2026-01-14 06:46:29,811,"Bitcoin Up or Down - January 13, 5:45PM-6:00PM ET",price_change,DOWN,0.4,2406.92,0.45,0.46
2026-01-14 06:46:29,811,"Bitcoin Up or Down - January 13, 5:45PM-6:00PM ET",price_change,UP,0.51,1747.84,0.54,0.55
2026-01-14 06:46:30,810,"Bitcoin Up or Down - January 13, 5:45PM-6:00PM ET",price_change,DOWN,0.4,2406.92,0.45,0.46
2026-01-14 06:46:30,810,"Bitcoin Up or Down - January 13, 5:45PM-6:00PM ET",price_change,UP,0.51,1723.84,0.54,0.55
2026-01-14 06:46:31,809,"Bitcoin Up or Down - January 13, 5:45PM-6:00PM ET",price_change,DOWN,0.4,2406.92,0.45,0.46
2026-01-14 06:46:31,809,"Bitcoin Up or Down - January 13, 5:45PM-6:00PM ET",price_change,UP,0.54,1109.8,0.54,0.55
2026-01-14 06:46:32,808,"Bitcoin Up or Down - January 13, 5:45PM-6:00PM ET",price_change,DOWN,0.4,2406.92,0.45,0.46
2026-01-14 06:46:32,808,"Bitcoin Up or Down - January 13, 5:45PM-6:00PM ET",price_change,UP,0.54,173,0.54,0.55
2026-01-14 06:46:33,807,"Bitcoin Up or Down - January 13, 5:45PM-6:00PM ET",price_change,UP,0.49,775,0.54,0.55
2026-01-14 06:46:33,807,"Bitcoin Up or Down - January 13, 5:45PM-6:00PM ET",price_change,DOWN,0.41,830,0.45,0.46
2026-01-14 06:46:34,806,"Bitcoin Up or Down - January 13, 5:45PM-6:00PM ET",price_change,UP,0.54,30.02,0.54,0.55
2026-01-14 06:46:34,806,"Bitcoin Up or Down - January 13, 5:45PM-6:00PM ET",price_change,DOWN,0.41,830,0.45,0.46
2026-01-14 06:46:35,805,"Bitcoin Up or Down - January 13, 5:45PM-6:00PM ET",price_change,DOWN,0.41,830,0.45,0.46
2026-01-14 06:46:35,805,"Bitcoin Up or Down - January 13, 5:45PM-6:00PM ET",price_change,UP,0.54,30,0.54,0.55
2026-01-14 06:46:36,804,"Bitcoin Up or Down - January 13, 5:45PM-6:00PM ET",price_change,DOWN,0.41,830,0.45,0.46
2026-01-14 06:46:36,804,"Bitcoin Up or Down - January 13, 5:45PM-6:00PM ET",price_change,UP,0.49,795,0.54,0.55
2026-01-14 06:46:37,803,"Bitcoin Up or Down - January 13, 5:45PM-6:00PM ET",price_change,DOWN,0.44,1682.87,0.45,0.46
2026-01-14 06:46:37,803,"Bitcoin Up or Down - January 13, 5:45PM-6:00PM ET",price_change,UP,0.53,363.09,0.54,0.55
2026-01-14 06:46:38,802,"Bitcoin Up or Down - January 13, 5:45PM-6:00PM ET",price_change,DOWN,0.42,807,0.46,0.47
2026-01-14 06:46:38,802,"Bitcoin Up or Down - January 13, 5:45PM-6:00PM ET",price_change,UP,0.53,1231.87,0.53,0.54
2026-01-14 06:46:39,801,"Bitcoin Up or Down - January 13, 5:45PM-6:00PM ET",price_change,DOWN,0.41,839,0.46,0.47
2026-01-14 06:46:39,801,"Bitcoin Up or Down - January 13, 5:45PM-6:00PM ET",price_change,UP,0.52,1459.92,0.53,0.54
2026-01-14 06:46:40,800,"Bitcoin Up or Down - January 13, 5:45PM-6:00PM ET",price_change,DOWN,0.41,839,0.46,0.47
2026-01-14 06:46:40,800,"Bitcoin Up or Down - January 13, 5:45PM-6:00PM ET",price_change,UP,0.48,987.17,0.53,0.54
2026-01-14 06:46:41,799,"Bitcoin Up or Down - January 13, 5:45PM-6:00PM ET",price_change,DOWN,0.42,772,0.46,0.47
2026-01-14 06:46:41,799,"Bitcoin Up or Down - January 13, 5:45PM-6:00PM ET",price_change,UP,0.45,846,0.53,0.54
2026-01-14 06:46:42,798,"Bitcoin Up or Down - January 13, 5:45PM-6:00PM ET",price_change,UP,0.46,960,0.52,0.53
2026-01-14 06:46:42,798,"Bitcoin Up or Down - January 13, 5:45PM-6:00PM ET",price_change,DOWN,0.45,991.16,0.47,0.48
2026-01-14 06:46:43,797,"Bitcoin Up or Down - January 13, 5:45PM-6:00PM ET",price_change,DOWN,0.41,860,0.47,0.48
2026-01-14 06:46:43,797,"Bitcoin Up or Down - January 13, 5:45PM-6:00PM ET",price_change,UP,0.52,500.79,0.52,0.53
2026-01-14 06:46:44,796,"Bitcoin Up or Down - January 13, 5:45PM-6:00PM ET",price_change,DOWN,0.32,887,0.47,0.48
2026-01-14 06:46:44,796,"Bitcoin Up or Down - January 13, 5:45PM-6:00PM ET",price_change,UP,0.5,587.92,0.52,0.53
2026-01-14 06:46:45,795,"Bitcoin Up or Down - January 13, 5:45PM-6:00PM ET",price_change,DOWN,0.44,950.92,0.47,0.48
2026-01-14 06:46:45,795,"Bitcoin Up or Down - January 13, 5:45PM-6:00PM ET",price_change,UP,0.5,695.92,0.52,0.53
2026-01-14 06:46:46,794,"Bitcoin Up or Down - January 13, 5:45PM-6:00PM ET",price_change,DOWN,0.44,985.92,0.47,0.48
2026-01-14 06:46:46,794,"Bitcoin Up or Down - January 13, 5:45PM-6:00PM ET",price_change,UP,0.49,933.92,0.52,0.53
2026-01-14 06:46:47,793,"Bitcoin Up or Down - January 13, 5:45PM-6:00PM ET",price_change,DOWN,0.49,165.5,0.49,0.5
2026-01-14 06:46:47,793,"Bitcoin Up or Down - January 13, 5:45PM-6:00PM ET",price_change,UP,0.48,1888.42,0.5,0.51
2026-01-14 06:46:48,792,"Bitcoin Up or Down - January 13, 5:45PM-6:00PM ET",price_change,DOWN,0.49,235.59,0.49,0.5
2026-01-14 06:46:48,792,"Bitcoin Up or Down - January 13, 5:45PM-6:00PM ET",price_change,UP,0.5,1217.03,0.5,0.51
2026-01-14 06:46:49,791,"Bitcoin Up or Down - January 13, 5:45PM-6:00PM ET",price_change,UP,0.46,945,0.5,0.51
2026-01-14 06:46:49,791,"Bitcoin Up or Down - January 13, 5:45PM-6:00PM ET",price_change,DOWN,0.41,895,0.49,0.5
2026-01-14 06:46:50,790,"Bitcoin Up or Down - January 13, 5:45PM-6:00PM ET",price_change,DOWN,0.44,1709,0.49,0.5
2026-01-14 06:46:50,790,"Bitcoin Up or Down - January 13, 5:45PM-6:00PM ET",price_change,UP,0.5,1210.33,0.5,0.51
2026-01-14 06:46:51,789,"Bitcoin Up or Down - January 13, 5:45PM-6:00PM ET",price_change,DOWN,0.44,1684,0.49,0.5
2026-01-14 06:46:51,789,"Bitcoin Up or Down - January 13, 5:45PM-6:00PM ET",price_change,UP,0.43,969.24,0.5,0.51
2026-01-14 06:46:52,788,"Bitcoin Up or Down - January 13, 5:45PM-6:00PM ET",price_change,DOWN,0.49,957.8,0.49,0.5
2026-01-14 06:46:52,788,"Bitcoin Up or Down - January 13, 5:45PM-6:00PM ET",price_change,UP,0.49,319.15,0.5,0.51
2026-01-14 06:46:53,787,"Bitcoin Up or Down - January 13, 5:45PM-6:00PM ET",price_change,DOWN,0.44,870,0.49,0.5
2026-01-14 06:46:53,787,"Bitcoin Up or Down - January 13, 5:45PM-6:00PM ET",price_change,UP,0.45,906,0.5,0.51
2026-01-14 06:46:53,786,"Bitcoin Up or Down - January 13, 5:45PM-6:00PM ET",price_change,DOWN,0.49,542.84,0.49,0.5
2026-01-14 06:46:53,786,"Bitcoin Up or Down - January 13, 5:45PM-6:00PM ET",price_change,UP,0.49,1024.15,0.5,0.51
2026-01-14 06:46:54,786,"Bitcoin Up or Down - January 13, 5:45PM-6:00PM ET",price_change,UP,0.5,241.29,0.5,0.51
2026-01-14 06:46:54,786,"Bitcoin Up or Down - January 13, 5:45PM-6:00PM ET",price_change,DOWN,0.46,1747.92,0.49,0.5
2026-01-14 06:46:55,785,"Bitcoin Up or Down - January 13, 5:45PM-6:00PM ET",price_change,DOWN,0.49,538.15,0.49,0.5
2026-01-14 06:46:55,785,"Bitcoin Up or Down - January 13, 5:45PM-6:00PM ET",price_change,UP,0.5,80.09,0.5,0.51
2026-01-14 06:46:56,784,"Bitcoin Up or Down - January 13, 5:45PM-6:00PM ET",price_change,DOWN,0.49,160.23,0.49,0.5
2026-01-14 06:46:56,784,"Bitcoin Up or Down - January 13, 5:45PM-6:00PM ET",price_change,UP,0.5,1807.72,0.5,0.51
2026-01-14 06:46:57,783,"Bitcoin Up or Down - January 13, 5:45PM-6:00PM ET",price_change,DOWN,0.45,1068,0.49,0.5
2026-01-14 06:46:57,783,"Bitcoin Up or Down - January 13, 5:45PM-6:00PM ET",price_change,UP,0.46,999,0.5,0.51
2026-01-14 06:46:58,782,"Bitcoin Up or Down - January 13, 5:45PM-6:00PM ET",price_change,UP,0.5,881.49,0.5,0.51
2026-01-14 06:46:58,782,"Bitcoin Up or Down - January 13, 5:45PM-6:00PM ET",price_change,DOWN,0.48,333,0.49,0.5
2026-01-14 06:46:59,781,"Bitcoin Up or Down - January 13, 5:45PM-6:00PM ET",price_change,DOWN,0.49,85.45,0.49,0.5
2026-01-14 06:46:59,781,"Bitcoin Up or Down - January 13, 5:45PM-6:00PM ET",price_change,UP,0.5,1760.79,0.5,0.51
2026-01-14 06:47:00,780,"Bitcoin Up or Down - January 13, 5:45PM-6:00PM ET",price_change,DOWN,0.46,1826.92,0.49,0.5
2026-01-14 06:47:00,780,"Bitcoin Up or Down - January 13, 5:45PM-6:00PM ET",price_change,UP,0.38,860,0.5,0.51
2026-01-14 06:47:01,779,"Bitcoin Up or Down - January 13, 5:45PM-6:00PM ET",price_change,UP,0.45,1152.5,0.49,0.5
2026-01-14 06:47:01,779,"Bitcoin Up or Down - January 13, 5:45PM-6:00PM ET",price_change,DOWN,0.51,16,0.51,0.52
2026-01-14 06:47:02,778,"Bitcoin Up or Down - January 13, 5:45PM-6:00PM ET",price_change,DOWN,0.53,267.89,0.53,0.54
2026-01-14 06:47:02,778,"Bitcoin Up or Down - January 13, 5:45PM-6:00PM ET",price_change,UP,0.42,912.54,0.46,0.47
2026-01-14 06:47:03,777,"Bitcoin Up or Down - January 13, 5:45PM-6:00PM ET",price_change,DOWN,0.5,218,0.53,0.54
2026-01-14 06:47:03,777,"Bitcoin Up or Down - January 13, 5:45PM-6:00PM ET",price_change,UP,0.45,1006.5,0.46,0.47
2026-01-14 06:47:04,776,"Bitcoin Up or Down - January 13, 5:45PM-6:00PM ET",price_change,DOWN,0.4,2200.97,0.53,0.54
2026-01-14 06:47:04,776,"Bitcoin Up or Down - January 13, 5:45PM-6:00PM ET",price_change,UP,0.4,1720.65,0.46,0.47
2026-01-14 06:47:05,775,"Bitcoin Up or Down - January 13, 5:45PM-6:00PM ET",price_change,UP,0.45,1680,0.46,0.47
2026-01-14 06:47:05,775,"Bitcoin Up or Down - January 13, 5:45PM-6:00PM ET",price_change,DOWN,0.5,1749.92,0.53,0.54
2026-01-14 06:47:06,774,"Bitcoin Up or Down - January 13, 5:45PM-6:00PM ET",price_change,UP,0.17,0,0.46,0.47
2026-01-14 06:47:06,774,"Bitcoin Up or Down - January 13, 5:45PM-6:00PM ET",price_change,DOWN,0.49,1005,0.53,0.54
2026-01-14 06:47:07,773,"Bitcoin Up or Down - January 13, 5:45PM-6:00PM ET",price_change,DOWN,0.53,1086.54,0.53,0.54
2026-01-14 06:47:07,773,"Bitcoin Up or Down - January 13, 5:45PM-6:00PM ET",price_change,UP,0.31,855,0.46,0.47
2026-01-14 06:47:08,772,"Bitcoin Up or Down - January 13, 5:45PM-6:00PM ET",price_change,DOWN,0.54,920,0.54,0.55
2026-01-14 06:47:08,772,"Bitcoin Up or Down - January 13, 5:45PM-6:00PM ET",price_change,UP,0.45,1051.92,0.45,0.46
2026-01-14 06:47:09,771,"Bitcoin Up or Down - January 13, 5:45PM-6:00PM ET",price_change,DOWN,0.5,1744.92,0.54,0.55
2026-01-14 06:47:09,771,"Bitcoin Up or Down - January 13, 5:45PM-6:00PM ET",price_change,UP,0.45,933.33,0.45,0.46
2026-01-14 06:47:10,770,"Bitcoin Up or Down - January 13, 5:45PM-6:00PM ET",price_change,UP,0.45,86.8,0.45,0.46
2026-01-14 06:47:10,770,"Bitcoin Up or Down - January 13, 5:45PM-6:00PM ET",price_change,DOWN,0.48,842,0.54,0.55
2026-01-14 06:47:11,769,"Bitcoin Up or Down - January 13, 5:45PM-6:00PM ET",price_change,UP,0.4,1357.31,0.4,0.43
2026-01-14 06:47:11,769,"Bitcoin Up or Down - January 13, 5:45PM-6:00PM ET",price_change,DOWN,0.54,1933.14,0.57,0.6
2026-01-14 06:47:12,768,"Bitcoin Up or Down - January 13, 5:45PM-6:00PM ET",price_change,DOWN,0.63,253.5,0.63,0.64
2026-01-14 06:47:12,768,"Bitcoin Up or Down - January 13, 5:45PM-6:00PM ET",price_change,UP,0.35,1012,0.36,0.37
2026-01-14 06:47:13,767,"Bitcoin Up or Down - January 13, 5:45PM-6:00PM ET",price_change,UP,0.31,990,0.36,0.37
2026-01-14 06:47:13,767,"Bitcoin Up or Down - January 13, 5:45PM-6:00PM ET",price_change,DOWN,0.57,24,0.63,0.64
2026-01-14 06:47:14,766,"Bitcoin Up or Down - January 13, 5:45PM-6:00PM ET",price_change,UP,0.31,1115.92,0.35,0.36
2026-01-14 06:47:14,766,"Bitcoin Up or Down - January 13, 5:45PM-6:00PM ET",price_change,DOWN,0.6,35.66,0.64,0.65
2026-01-14 06:47:15,765,"Bitcoin Up or Down - January 13, 5:45PM-6:00PM ET",price_change,UP,0.34,53.41,0.34,0.35
2026-01-14 06:47:15,765,"Bitcoin Up or Down - January 13, 5:45PM-6:00PM ET",price_change,DOWN,0.64,111.64,0.65,0.66
2026-01-14 06:47:16,764,"Bitcoin Up or Down - January 13, 5:45PM-6:00PM ET",price_change,DOWN,0.65,1174.39,0.65,0.66
2026-01-14 06:47:16,764,"Bitcoin Up or Down - January 13, 5:45PM-6:00PM ET",price_change,UP,0.3,1160.52,0.34,0.35
2026-01-14 06:47:17,763,"Bitcoin Up or Down - January 13, 5:45PM-6:00PM ET",price_change,DOWN,0.63,1766,0.65,0.66
2026-01-14 06:47:17,763,"Bitcoin Up or Down - January 13, 5:45PM-6:00PM ET",price_change,UP,0.29,963,0.34,0.35
2026-01-14 06:47:18,762,"Bitcoin Up or Down - January 13, 5:45PM-6:00PM ET",price_change,DOWN,0.48,842,0.65,0.66
2026-01-14 06:47:18,762,"Bitcoin Up or Down - January 13, 5:45PM-6:00PM ET",price_change,UP,0.34,818.89,0.34,0.35
2026-01-14 06:47:19,761,"Bitcoin Up or Down - January 13, 5:45PM-6:00PM ET",price_change,DOWN,0.63,834.72,0.63,0.64
2026-01-14 06:47:19,761,"Bitcoin Up or Down - January 13, 5:45PM-6:00PM ET",price_change,UP,0.36,220,0.36,0.37
2026-01-14 06:47:19,761,"Bitcoin Up or Down - January 13, 5:45PM-6:00PM ET",price_change,DOWN,0.63,810.72,0.63,0.64
2026-01-14 06:47:19,761,"Bitcoin Up or Down - January 13, 5:45PM-6:00PM ET",price_change,UP,0.33,1054,0.36,0.37
2026-01-14 06:47:20,760,"Bitcoin Up or Down - January 13, 5:45PM-6:00PM ET",price_change,DOWN,0.54,233.9,0.54,0.56
2026-01-14 06:47:20,760,"Bitcoin Up or Down - January 13, 5:45PM-6:00PM ET",price_change,UP,0.38,660,0.44,0.46
2026-01-14 06:47:21,759,"Bitcoin Up or Down - January 13, 5:45PM-6:00PM ET",price_change,DOWN,0.48,724.85,0.48,0.51
2026-01-14 06:47:21,759,"Bitcoin Up or Down - January 13, 5:45PM-6:00PM ET",price_change,UP,0.49,359.84,0.49,0.52
2026-01-14 06:47:22,758,"Bitcoin Up or Down - January 13, 5:45PM-6:00PM ET",price_change,UP,0.36,10,0.51,0.52
2026-01-14 06:47:22,758,"Bitcoin Up or Down - January 13, 5:45PM-6:00PM ET",price_change,DOWN,0.45,891,0.48,0.49
2026-01-14 06:47:23,757,"Bitcoin Up or Down - January 13, 5:45PM-6:00PM ET",price_change,DOWN,0.49,38.77,0.49,0.51
2026-01-14 06:47:23,757,"Bitcoin Up or Down - January 13, 5:45PM-6:00PM ET",price_change,UP,0.45,772.5,0.49,0.51
2026-01-14 06:47:24,756,"Bitcoin Up or Down - January 13, 5:45PM-6:00PM ET",price_change,DOWN,0.45,845.27,0.49,0.5
2026-01-14 06:47:24,756,"Bitcoin Up or Down - January 13, 5:45PM-6:00PM ET",price_change,UP,0.5,773.06,0.5,0.51
2026-01-14 06:47:25,755,"Bitcoin Up or Down - January 13, 5:45PM-6:00PM ET",price_change,DOWN,0.3,1015.52,0.49,0.5
2026-01-14 06:47:25,755,"Bitcoin Up or Down - January 13, 5:45PM-6:00PM ET",price_change,UP,0.47,868.92,0.5,0.51
2026-01-14 06:47:26,754,"Bitcoin Up or Down - January 13, 5:45PM-6:00PM ET",price_change,DOWN,0.45,861.27,0.49,0.5
2026-01-14 06:47:26,754,"Bitcoin Up or Down - January 13, 5:45PM-6:00PM ET",price_change,UP,0.5,223.98,0.5,0.51
2026-01-14 06:47:27,753,"Bitcoin Up or Down - January 13, 5:45PM-6:00PM ET",price_change,DOWN,0.43,882.42,0.49,0.5
2026-01-14 06:47:27,753,"Bitcoin Up or Down - January 13, 5:45PM-6:00PM ET",price_change,UP,0.51,24,0.51,0.52
2026-01-14 06:47:28,752,"Bitcoin Up or Down - January 13, 5:45PM-6:00PM ET",price_change,UP,0.49,1776.86,0.51,0.52
2026-01-14 06:47:28,752,"Bitcoin Up or Down - January 13, 5:45PM-6:00PM ET",price_change,DOWN,0.46,844,0.48,0.49
2026-01-14 06:47:29,751,"Bitcoin Up or Down - January 13, 5:45PM-6:00PM ET",price_change,DOWN,0.41,983,0.47,0.48
2026-01-14 06:47:29,751,"Bitcoin Up or Down - January 13, 5:45PM-6:00PM ET",price_change,UP,0.48,1686,0.52,0.53
2026-01-14 06:47:30,750,"Bitcoin Up or Down - January 13, 5:45PM-6:00PM ET",price_change,DOWN,0.47,126.15,0.47,0.48
2026-01-14 06:47:30,750,"Bitcoin Up or Down - January 13, 5:45PM-6:00PM ET",price_change,UP,0.49,1847.86,0.52,0.53
2026-01-14 06:47:31,749,"Bitcoin Up or Down - January 13, 5:45PM-6:00PM ET",price_change,UP,0.53,3360.95,0.53,0.54
2026-01-14 06:47:31,749,"Bitcoin Up or Down - January 13, 5:45PM-6:00PM ET",price_change,DOWN,0.44,239,0.46,0.47
2026-01-14 06:47:32,748,"Bitcoin Up or Down - January 13, 5:45PM-6:00PM ET",price_change,DOWN,0.37,858,0.44,0.45
2026-01-14 06:47:32,748,"Bitcoin Up or Down - January 13, 5:45PM-6:00PM ET",price_change,UP,0.52,1599.3,0.55,0.56
2026-01-14 06:47:33,747,"Bitcoin Up or Down - January 13, 5:45PM-6:00PM ET",price_change,UP,0.55,4671.68,0.57,0.58
2026-01-14 06:47:33,747,"Bitcoin Up or Down - January 13, 5:45PM-6:00PM ET",price_change,DOWN,0.38,202,0.42,0.43
2026-01-14 06:47:34,746,"Bitcoin Up or Down - January 13, 5:45PM-6:00PM ET",price_change,DOWN,0.31,850,0.4,0.41
2026-01-14 06:47:34,746,"Bitcoin Up or Down - January 13, 5:45PM-6:00PM ET",price_change,UP,0.55,3852.1,0.59,0.6
2026-01-14 06:47:35,745,"Bitcoin Up or Down - January 13, 5:45PM-6:00PM ET",price_change,UP,0.61,154,0.61,0.62
2026-01-14 06:47:35,745,"Bitcoin Up or Down - January 13, 5:45PM-6:00PM ET",price_change,DOWN,0.3,1115.52,0.38,0.39
2026-01-14 06:47:36,744,"Bitcoin Up or Down - January 13, 5:45PM-6:00PM ET",price_change,UP,0.61,1103.38,0.61,0.63
2026-01-14 06:47:36,744,"Bitcoin Up or Down - January 13, 5:45PM-6:00PM ET",price_change,DOWN,0.25,828.63,0.37,0.39
2026-01-14 06:47:37,743,"Bitcoin Up or Down - January 13, 5:45PM-6:00PM ET",price_change,DOWN,0.31,1077,0.36,0.37
2026-01-14 06:47:37,743,"Bitcoin Up or Down - January 13, 5:45PM-6:00PM ET",price_change,UP,0.63,64,0.63,0.64
2026-01-14 06:47:38,742,"Bitcoin Up or Down - January 13, 5:45PM-6:00PM ET",price_change,DOWN,0.3,1252.52,0.35,0.36
2026-01-14 06:47:38,742,"Bitcoin Up or Down - January 13, 5:45PM-6:00PM ET",price_change,UP,0.63,188.5,0.64,0.65
2026-01-14 06:47:39,741,"Bitcoin Up or Down - January 13, 5:45PM-6:00PM ET",price_change,DOWN,0.29,758,0.35,0.36
2026-01-14 06:47:39,741,"Bitcoin Up or Down - January 13, 5:45PM-6:00PM ET",price_change,UP,0.58,786,0.64,0.65
2026-01-14 06:47:40,740,"Bitcoin Up or Down - January 13, 5:45PM-6:00PM ET",price_change,DOWN,0.35,289.67,0.35,0.36
2026-01-14 06:47:40,740,"Bitcoin Up or Down - January 13, 5:45PM-6:00PM ET",price_change,UP,0.62,865.5,0.64,0.65
2026-01-14 06:47:41,739,"Bitcoin Up or Down - January 13, 5:45PM-6:00PM ET",price_change,DOWN,0.28,857,0.35,0.36
2026-01-14 06:47:41,739,"Bitcoin Up or Down - January 13, 5:45PM-6:00PM ET",price_change,UP,0.64,718.45,0.64,0.65
2026-01-14 06:47:42,738,"Bitcoin Up or Down - January 13, 5:45PM-6:00PM ET",price_change,DOWN,0.33,926.92,0.35,0.36
2026-01-14 06:47:42,738,"Bitcoin Up or Down - January 13, 5:45PM-6:00PM ET",price_change,UP,0.64,3.6,0.64,0.65
2026-01-14 06:47:43,737,"Bitcoin Up or Down - January 13, 5:45PM-6:00PM ET",price_change,UP,0.56,770.41,0.63,0.64
2026-01-14 06:47:43,737,"Bitcoin Up or Down - January 13, 5:45PM-6:00PM ET",price_change,DOWN,0.32,792,0.36,0.37
2026-01-14 06:47:44,736,"Bitcoin Up or Down - January 13, 5:45PM-6:00PM ET",price_change,UP,0.59,1551.5,0.62,0.63
2026-01-14 06:47:44,736,"Bitcoin Up or Down - January 13, 5:45PM-6:00PM ET",price_change,DOWN,0.33,1016.92,0.37,0.38
2026-01-14 06:47:45,735,"Bitcoin Up or Down - January 13, 5:45PM-6:00PM ET",price_change,DOWN,0.38,341.87,0.38,0.39
2026-01-14 06:47:45,735,"Bitcoin Up or Down - January 13, 5:45PM-6:00PM ET",price_change,UP,0.34,765,0.61,0.62
2026-01-14 06:47:46,734,"Bitcoin Up or Down - January 13, 5:45PM-6:00PM ET",price_change,DOWN,0.28,1046.61,0.38,0.39
2026-01-14 06:47:46,734,"Bitcoin Up or Down - January 13, 5:45PM-6:00PM ET",price_change,UP,0.59,1695.5,0.61,0.62
2026-01-14 06:47:47,733,"Bitcoin Up or Down - January 13, 5:45PM-6:00PM ET",price_change,DOWN,0.25,940.63,0.35,0.36
2026-01-14 06:47:47,733,"Bitcoin Up or Down - January 13, 5:45PM-6:00PM ET",price_change,UP,0.63,111.5,0.64,0.65
2026-01-14 06:47:48,732,"Bitcoin Up or Down - January 13, 5:45PM-6:00PM ET",price_change,DOWN,0.19,900,0.31,0.32
2026-01-14 06:47:48,732,"Bitcoin Up or Down - January 13, 5:45PM-6:00PM ET",price_change,UP,0.63,82.99,0.68,0.69
2026-01-14 06:47:49,731,"Bitcoin Up or Down - January 13, 5:45PM-6:00PM ET",price_change,UP,0.67,83.1,0.71,0.72
2026-01-14 06:47:49,731,"Bitcoin Up or Down - January 13, 5:45PM-6:00PM ET",price_change,DOWN,0.27,84.87,0.28,0.29
2026-01-14 06:47:50,730,"Bitcoin Up or Down - January 13, 5:45PM-6:00PM ET",price_change,DOWN,0.26,6.31,0.26,0.27
2026-01-14 06:47:50,730,"Bitcoin Up or Down - January 13, 5:45PM-6:00PM ET",price_change,UP,0.68,330,0.73,0.74
2026-01-14 06:47:51,729,"Bitcoin Up or Down - January 13, 5:45PM-6:00PM ET",price_change,UP,0.75,2062.82,0.77,0.78
2026-01-14 06:47:51,729,"Bitcoin Up or Down - January 13, 5:45PM-6:00PM ET",price_change,DOWN,0.2,81.19,0.22,0.23
2026-01-14 06:47:52,728,"Bitcoin Up or Down - January 13, 5:45PM-6:00PM ET",price_change,UP,0.72,32.67,0.72,0.74
2026-01-14 06:47:52,728,"Bitcoin Up or Down - January 13, 5:45PM-6:00PM ET",price_change,DOWN,0.26,189.05,0.26,0.28
2026-01-14 06:47:53,727,"Bitcoin Up or Down - January 13, 5:45PM-6:00PM ET",price_change,UP,0.69,805.99,0.73,0.74
2026-01-14 06:47:53,727,"Bitcoin Up or Down - January 13, 5:45PM-6:00PM ET",price_change,DOWN,0.17,870,0.26,0.27
2026-01-14 06:47:54,726,"Bitcoin Up or Down - January 13, 5:45PM-6:00PM ET",price_change,DOWN,0.26,189,0.26,0.27
2026-01-14 06:47:54,726,"Bitcoin Up or Down - January 13, 5:45PM-6:00PM ET",price_change,UP,0.72,846,0.73,0.74
2026-01-14 06:47:55,725,"Bitcoin Up or Down - January 13, 5:45PM-6:00PM ET",price_change,UP,0.73,1434.57,0.73,0.74
2026-01-14 06:47:55,725,"Bitcoin Up or Down - January 13, 5:45PM-6:00PM ET",price_change,DOWN,0.13,768,0.26,0.27
2026-01-14 06:47:56,724,"Bitcoin Up or Down - January 13, 5:45PM-6:00PM ET",price_change,DOWN,0.26,0,0.25,0.27
2026-01-14 06:47:56,724,"Bitcoin Up or Down - January 13, 5:45PM-6:00PM ET",price_change,UP,0.72,818.72,0.73,0.74
2026-01-14 06:47:57,723,"Bitcoin Up or Down - January 13, 5:45PM-6:00PM ET",price_change,DOWN,0.17,800,0.26,0.27
2026-01-14 06:47:57,723,"Bitcoin Up or Down - January 13, 5:45PM-6:00PM ET",price_change,UP,0.33,784.9,0.73,0.74
2026-01-14 06:47:58,722,"Bitcoin Up or Down - January 13, 5:45PM-6:00PM ET",price_change,UP,0.72,758.85,0.72,0.73
2026-01-14 06:47:58,722,"Bitcoin Up or Down - January 13, 5:45PM-6:00PM ET",price_change,DOWN,0.27,295.29,0.27,0.28
2026-01-14 06:47:59,721,"Bitcoin Up or Down - January 13, 5:45PM-6:00PM ET",price_change,DOWN,0.18,762,0.27,0.28
2026-01-14 06:47:59,721,"Bitcoin Up or Down - January 13, 5:45PM-6:00PM ET",price_change,UP,0.57,885.3,0.72,0.73
2026-01-14 06:48:00,720,"Bitcoin Up or Down - January 13, 5:45PM-6:00PM ET",price_change,DOWN,0.17,964.19,0.27,0.28
2026-01-14 06:48:00,720,"Bitcoin Up or Down - January 13, 5:45PM-6:00PM ET",price_change,UP,0.43,765.3,0.72,0.73
2026-01-14 06:48:01,719,"Bitcoin Up or Down - January 13, 5:45PM-6:00PM ET",price_change,UP,0.72,777.96,0.72,0.73
2026-01-14 06:48:01,719,"Bitcoin Up or Down - January 13, 5:45PM-6:00PM ET",price_change,DOWN,0.27,1074.94,0.27,0.28
2026-01-14 06:48:02,718,"Bitcoin Up or Down - January 13, 5:45PM-6:00PM ET",price_change,DOWN,0.18,770.8,0.27,0.28
2026-01-14 06:48:02,718,"Bitcoin Up or Down - January 13, 5:45PM-6:00PM ET",price_change,UP,0.63,776,0.72,0.73
2026-01-14 06:48:03,717,"Bitcoin Up or Down - January 13, 5:45PM-6:00PM ET",price_change,UP,0.56,1015.71,0.72,0.73
2026-01-14 06:48:03,717,"Bitcoin Up or Down - January 13, 5:45PM-6:00PM ET",price_change,DOWN,0.17,819.19,0.27,0.28
2026-01-14 06:48:04,716,"Bitcoin Up or Down - January 13, 5:45PM-6:00PM ET",price_change,UP,0.69,7.64,0.69,0.7
2026-01-14 06:48:04,716,"Bitcoin Up or Down - January 13, 5:45PM-6:00PM ET",price_change,DOWN,0.29,328.07,0.3,0.31
2026-01-14 06:48:05,715,"Bitcoin Up or Down - January 13, 5:45PM-6:00PM ET",price_change,DOWN,0.23,902.95,0.32,0.33
2026-01-14 06:48:05,715,"Bitcoin Up or Down - January 13, 5:45PM-6:00PM ET",price_change,UP,0.6,1080,0.67,0.68
2026-01-14 06:48:06,714,"Bitcoin Up or Down - January 13, 5:45PM-6:00PM ET",price_change,DOWN,0.31,244.27,0.33,0.34
2026-01-14 06:48:06,714,"Bitcoin Up or Down - January 13, 5:45PM-6:00PM ET",price_change,UP,0.65,180.5,0.66,0.67
2026-01-14 06:48:07,713,"Bitcoin Up or Down - January 13, 5:45PM-6:00PM ET",price_change,DOWN,0.24,972.1,0.34,0.35
2026-01-14 06:48:07,713,"Bitcoin Up or Down - January 13, 5:45PM-6:00PM ET",price_change,UP,0.52,925.2,0.65,0.66
2026-01-14 06:48:08,712,"Bitcoin Up or Down - January 13, 5:45PM-6:00PM ET",price_change,DOWN,0.24,972.1,0.35,0.36
2026-01-14 06:48:08,712,"Bitcoin Up or Down - January 13, 5:45PM-6:00PM ET",price_change,UP,0.64,1295.5,0.64,0.65
2026-01-14 06:48:09,711,"Bitcoin Up or Down - January 13, 5:45PM-6:00PM ET",price_change,DOWN,0.28,904.22,0.28,0.29
2026-01-14 06:48:09,711,"Bitcoin Up or Down - January 13, 5:45PM-6:00PM ET",price_change,UP,0.69,209,0.71,0.72
2026-01-14 06:48:10,710,"Bitcoin Up or Down - January 13, 5:45PM-6:00PM ET",price_change,DOWN,0.17,820.57,0.28,0.29
2026-01-14 06:48:10,710,"Bitcoin Up or Down - January 13, 5:45PM-6:00PM ET",price_change,UP,0.71,1814.43,0.71,0.72
2026-01-14 06:48:11,709,"Bitcoin Up or Down - January 13, 5:45PM-6:00PM ET",price_change,DOWN,0.27,906.5,0.27,0.28
2026-01-14 06:48:11,709,"Bitcoin Up or Down - January 13, 5:45PM-6:00PM ET",price_change,UP,0.71,914.7,0.72,0.73
2026-01-14 06:48:12,708,"Bitcoin Up or Down - January 13, 5:45PM-6:00PM ET",price_change,DOWN,0.17,920.57,0.27,0.28
2026-01-14 06:48:12,708,"Bitcoin Up or Down - January 13, 5:45PM-6:00PM ET",price_change,UP,0.69,104,0.72,0.73
2026-01-14 06:48:13,707,"Bitcoin Up or Down - January 13, 5:45PM-6:00PM ET",price_change,DOWN,0.17,1070.57,0.27,0.28
2026-01-14 06:48:13,707,"Bitcoin Up or Down - January 13, 5:45PM-6:00PM ET",price_change,UP,0.72,1910.72,0.72,0.73
2026-01-14 06:48:14,706,"Bitcoin Up or Down - January 13, 5:45PM-6:00PM ET",price_change,DOWN,0.17,1070.57,0.27,0.28
2026-01-14 06:48:14,706,"Bitcoin Up or Down - January 13, 5:45PM-6:00PM ET",price_change,UP,0.67,789.99,0.72,0.73
2026-01-14 06:48:15,705,"Bitcoin Up or Down - January 13, 5:45PM-6:00PM ET",price_change,UP,0.67,816.5,0.73,0.74
2026-01-14 06:48:15,705,"Bitcoin Up or Down - January 13, 5:45PM-6:00PM ET",price_change,DOWN,0.22,806.5,0.26,0.27
2026-01-14 06:48:16,704,"Bitcoin Up or Down - January 13, 5:45PM-6:00PM ET",price_change,DOWN,0.14,1056.8,0.24,0.25
2026-01-14 06:48:16,704,"Bitcoin Up or Down - January 13, 5:45PM-6:00PM ET",price_change,UP,0.74,1122.01,0.75,0.76
2026-01-14 06:48:17,703,"Bitcoin Up or Down - January 13, 5:45PM-6:00PM ET",price_change,UP,0.75,249.31,0.75,0.76
2026-01-14 06:48:17,703,"Bitcoin Up or Down - January 13, 5:45PM-6:00PM ET",price_change,DOWN,0.15,921.19,0.24,0.25
2026-01-14 06:48:18,702,"Bitcoin Up or Down - January 13, 5:45PM-6:00PM ET",price_change,DOWN,0.14,1056.8,0.24,0.25
2026-01-14 06:48:18,702,"Bitcoin Up or Down - January 13, 5:45PM-6:00PM ET",price_change,UP,0.75,1189,0.75,0.76
2026-01-14 06:48:19,701,"Bitcoin Up or Down - January 13, 5:45PM-6:00PM ET",price_change,DOWN,0.23,3.55,0.23,0.24
2026-01-14 06:48:19,701,"Bitcoin Up or Down - January 13, 5:45PM-6:00PM ET",price_change,UP,0.76,1163.12,0.76,0.78
2026-01-14 06:48:20,700,"Bitcoin Up or Down - January 13, 5:45PM-6:00PM ET",price_change,DOWN,0.22,84.33,0.22,0.23
2026-01-14 06:48:20,700,"Bitcoin Up or Down - January 13, 5:45PM-6:00PM ET",price_change,UP,0.45,810.3,0.77,0.78
2026-01-14 06:48:21,699,"Bitcoin Up or Down - January 13, 5:45PM-6:00PM ET",price_change,UP,0.77,1155.59,0.77,0.78
2026-01-14 06:48:21,699,"Bitcoin Up or Down - January 13, 5:45PM-6:00PM ET",price_change,DOWN,0.22,27.54,0.22,0.23
2026-01-14 06:48:22,698,"Bitcoin Up or Down - January 13, 5:45PM-6:00PM ET",price_change,DOWN,0.15,183.19,0.2,0.21
2026-01-14 06:48:22,698,"Bitcoin Up or Down - January 13, 5:45PM-6:00PM ET",price_change,UP,0.78,254,0.79,0.8
2026-01-14 06:48:23,697,"Bitcoin Up or Down - January 13, 5:45PM-6:00PM ET",price_change,DOWN,0.16,45.5,0.16,0.18
2026-01-14 06:48:23,697,"Bitcoin Up or Down - January 13, 5:45PM-6:00PM ET",price_change,UP,0.82,90,0.82,0.84
2026-01-14 06:48:24,696,"Bitcoin Up or Down - January 13, 5:45PM-6:00PM ET",price_change,DOWN,0.06,4531.93,0.16,0.17
2026-01-14 06:48:24,696,"Bitcoin Up or Down - January 13, 5:45PM-6:00PM ET",price_change,UP,0.82,65.69,0.83,0.84
2026-01-14 06:48:25,695,"Bitcoin Up or Down - January 13, 5:45PM-6:00PM ET",price_change,UP,0.81,1770.3,0.81,0.82
2026-01-14 06:48:25,695,"Bitcoin Up or Down - January 13, 5:45PM-6:00PM ET",price_change,DOWN,0.12,508.96,0.18,0.19
2026-01-14 06:48:26,694,"Bitcoin Up or Down - January 13, 5:45PM-6:00PM ET",price_change,UP,0.81,2692.56,0.81,0.82
2026-01-14 06:48:26,694,"Bitcoin Up or Down - January 13, 5:45PM-6:00PM ET",price_change,DOWN,0.17,35,0.18,0.19
2026-01-14 06:48:27,693,"Bitcoin Up or Down - January 13, 5:45PM-6:00PM ET",price_change,UP,0.83,722.5,0.83,0.84
2026-01-14 06:48:27,693,"Bitcoin Up or Down - January 13, 5:45PM-6:00PM ET",price_change,DOWN,0.14,25,0.16,0.17
2026-01-14 06:48:28,692,"Bitcoin Up or Down - January 13, 5:45PM-6:00PM ET",price_change,DOWN,0.06,4442.01,0.16,0.17
2026-01-14 06:48:28,692,"Bitcoin Up or Down - January 13, 5:45PM-6:00PM ET",price_change,UP,0.83,1703.78,0.83,0.84
2026-01-14 06:48:29,691,"Bitcoin Up or Down - January 13, 5:45PM-6:00PM ET",price_change,UP,0.83,736.49,0.83,0.84
2026-01-14 06:48:29,691,"Bitcoin Up or Down - January 13, 5:45PM-6:00PM ET",price_change,DOWN,0.15,86.99,0.16,0.17
2026-01-14 06:48:30,690,"Bitcoin Up or Down - January 13, 5:45PM-6:00PM ET",price_change,DOWN,0.13,197.19,0.15,0.16
2026-01-14 06:48:30,690,"Bitcoin Up or Down - January 13, 5:45PM-6:00PM ET",price_change,UP,0.83,1078.88,0.84,0.85
2026-01-14 06:48:31,689,"Bitcoin Up or Down - January 13, 5:45PM-6:00PM ET",price_change,DOWN,0.03,6040.7,0.14,0.15
2026-01-14 06:48:31,689,"Bitcoin Up or Down - January 13, 5:45PM-6:00PM ET",price_change,UP,0.84,2014.22,0.85,0.86
2026-01-14 06:48:32,688,"Bitcoin Up or Down - January 13, 5:45PM-6:00PM ET",price_change,UP,0.87,98.73,0.87,0.88
2026-01-14 06:48:32,688,"Bitcoin Up or Down - January 13, 5:45PM-6:00PM ET",price_change,DOWN,0.03,6140.7,0.12,0.13
2026-01-14 06:48:33,687,"Bitcoin Up or Down - January 13, 5:45PM-6:00PM ET",price_change,UP,0.87,27.5,0.87,0.88
2026-01-14 06:48:33,687,"Bitcoin Up or Down - January 13, 5:45PM-6:00PM ET",price_change,DOWN,0.11,105.3,0.12,0.13
2026-01-14 06:48:34,686,"Bitcoin Up or Down - January 13, 5:45PM-6:00PM ET",price_change,DOWN,0.05,1561.41,0.13,0.14
2026-01-14 06:48:34,686,"Bitcoin Up or Down - January 13, 5:45PM-6:00PM ET",price_change,UP,0.82,1549.08,0.86,0.87
2026-01-14 06:48:35,685,"Bitcoin Up or Down - January 13, 5:45PM-6:00PM ET",price_change,UP,0.86,1980.95,0.87,0.88
2026-01-14 06:48:35,685,"Bitcoin Up or Down - January 13, 5:45PM-6:00PM ET",price_change,DOWN,0.03,6050.7,0.12,0.13
2026-01-14 06:48:36,684,"Bitcoin Up or Down - January 13, 5:45PM-6:00PM ET",price_change,UP,0.86,2513.64,0.87,0.88
2026-01-14 06:48:36,684,"Bitcoin Up or Down - January 13, 5:45PM-6:00PM ET",price_change,DOWN,0.12,259.96,0.12,0.13
2026-01-14 06:48:37,683,"Bitcoin Up or Down - January 13, 5:45PM-6:00PM ET",price_change,DOWN,0.04,1479.32,0.1,0.11
2026-01-14 06:48:37,683,"Bitcoin Up or Down - January 13, 5:45PM-6:00PM ET",price_change,UP,0.85,983.03,0.89,0.9
2026-01-14 06:48:38,682,"Bitcoin Up or Down - January 13, 5:45PM-6:00PM ET",price_change,UP,0.82,787.09,0.86,0.87
2026-01-14 06:48:38,682,"Bitcoin Up or Down - January 13, 5:45PM-6:00PM ET",price_change,DOWN,0.05,2550.41,0.13,0.14
2026-01-14 06:48:39,681,"Bitcoin Up or Down - January 13, 5:45PM-6:00PM ET",price_change,DOWN,0.06,1230.01,0.13,0.14
2026-01-14 06:48:39,681,"Bitcoin Up or Down - January 13, 5:45PM-6:00PM ET",price_change,UP,0.86,501.36,0.86,0.87
2026-01-14 06:48:40,680,"Bitcoin Up or Down - January 13, 5:45PM-6:00PM ET",price_change,DOWN,0.06,1230.01,0.14,0.15
2026-01-14 06:48:40,680,"Bitcoin Up or Down - January 13, 5:45PM-6:00PM ET",price_change,UP,0.81,611.65,0.85,0.86
2026-01-14 06:48:41,679,"Bitcoin Up or Down - January 13, 5:45PM-6:00PM ET",price_change,DOWN,0.06,1313.01,0.14,0.15
2026-01-14 06:48:41,679,"Bitcoin Up or Down - January 13, 5:45PM-6:00PM ET",price_change,UP,0.85,388.03,0.85,0.86
2026-01-14 06:48:42,678,"Bitcoin Up or Down - January 13, 5:45PM-6:00PM ET",price_change,DOWN,0.14,888.83,0.14,0.15
2026-01-14 06:48:42,678,"Bitcoin Up or Down - January 13, 5:45PM-6:00PM ET",price_change,UP,0.83,711.38,0.85,0.86
2026-01-14 06:48:43,677,"Bitcoin Up or Down - January 13, 5:45PM-6:00PM ET",price_change,UP,0.85,281.95,0.85,0.86
2026-01-14 06:48:43,677,"Bitcoin Up or Down - January 13, 5:45PM-6:00PM ET",price_change,DOWN,0.14,1135.33,0.14,0.15
2026-01-14 06:48:44,676,"Bitcoin Up or Down - January 13, 5:45PM-6:00PM ET",price_change,DOWN,0.06,1443.85,0.14,0.15
2026-01-14 06:48:44,676,"Bitcoin Up or Down - January 13, 5:45PM-6:00PM ET",price_change,UP,0.77,960,0.85,0.86
2026-01-14 06:48:45,675,"Bitcoin Up or Down - January 13, 5:45PM-6:00PM ET",price_change,UP,0.85,180.73,0.85,0.86
2026-01-14 06:48:45,675,"Bitcoin Up or Down - January 13, 5:45PM-6:00PM ET",price_change,DOWN,0.13,1113.94,0.14,0.15
2026-01-14 06:48:46,674,"Bitcoin Up or Down - January 13, 5:45PM-6:00PM ET",price_change,DOWN,0.14,690.21,0.15,0.16
2026-01-14 06:48:46,674,"Bitcoin Up or Down - January 13, 5:45PM-6:00PM ET",price_change,UP,0.84,365.84,0.84,0.85
2026-01-14 06:48:47,673,"Bitcoin Up or Down - January 13, 5:45PM-6:00PM ET",price_change,DOWN,0.06,1438.85,0.15,0.16
2026-01-14 06:48:47,673,"Bitcoin Up or Down - January 13, 5:45PM-6:00PM ET",price_change,UP,0.84,2264.97,0.84,0.85
2026-01-14 06:48:48,672,"Bitcoin Up or Down - January 13, 5:45PM-6:00PM ET",price_change,UP,0.84,2125.97,0.86,0.87
2026-01-14 06:48:48,672,"Bitcoin Up or Down - January 13, 5:45PM-6:00PM ET",price_change,DOWN,0.13,913.52,0.13,0.14
2026-01-14 06:48:49,671,"Bitcoin Up or Down - January 13, 5:45PM-6:00PM ET",price_change,DOWN,0.05,2794.33,0.13,0.14
2026-01-14 06:48:49,671,"Bitcoin Up or Down - January 13, 5:45PM-6:00PM ET",price_change,UP,0.85,1365,0.86,0.87
2026-01-14 06:48:50,670,"Bitcoin Up or Down - January 13, 5:45PM-6:00PM ET",price_change,DOWN,0.11,1099.66,0.13,0.15
2026-01-14 06:48:50,670,"Bitcoin Up or Down - January 13, 5:45PM-6:00PM ET",price_change,UP,0.85,1381.87,0.85,0.87
2026-01-14 06:48:51,669,"Bitcoin Up or Down - January 13, 5:45PM-6:00PM ET",price_change,UP,0.85,1184.87,0.85,0.86
2026-01-14 06:48:51,669,"Bitcoin Up or Down - January 13, 5:45PM-6:00PM ET",price_change,DOWN,0.03,2875.7,0.14,0.15
2026-01-14 06:48:52,668,"Bitcoin Up or Down - January 13, 5:45PM-6:00PM ET",price_change,DOWN,0.05,2789.33,0.14,0.15
2026-01-14 06:48:52,668,"Bitcoin Up or Down - January 13, 5:45PM-6:00PM ET",price_change,UP,0.84,2149.34,0.85,0.86
2026-01-14 06:48:53,667,"Bitcoin Up or Down - January 13, 5:45PM-6:00PM ET",price_change,DOWN,0.03,2875.7,0.14,0.15
2026-01-14 06:48:53,667,"Bitcoin Up or Down - January 13, 5:45PM-6:00PM ET",price_change,UP,0.84,2226.84,0.85,0.86
2026-01-14 06:48:54,666,"Bitcoin Up or Down - January 13, 5:45PM-6:00PM ET",price_change,DOWN,0.03,2875.7,0.14,0.15
2026-01-14 06:48:54,666,"Bitcoin Up or Down - January 13, 5:45PM-6:00PM ET",price_change,UP,0.8,879.22,0.85,0.86
2026-01-14 06:48:55,665,"Bitcoin Up or Down - January 13, 5:45PM-6:00PM ET",price_change,DOWN,0.03,2875.7,0.14,0.15
2026-01-14 06:48:55,665,"Bitcoin Up or Down - January 13, 5:45PM-6:00PM ET",price_change,UP,0.85,1811.89,0.85,0.86
2026-01-14 06:48:56,664,"Bitcoin Up or Down - January 13, 5:45PM-6:00PM ET",price_change,UP,0.85,939.82,0.85,0.86
2026-01-14 06:48:56,664,"Bitcoin Up or Down - January 13, 5:45PM-6:00PM ET",price_change,DOWN,0.05,2789.33,0.14,0.15
2026-01-14 06:48:57,663,"Bitcoin Up or Down - January 13, 5:45PM-6:00PM ET",price_change,DOWN,0.05,2794.33,0.14,0.15
2026-01-14 06:48:57,663,"Bitcoin Up or Down - January 13, 5:45PM-6:00PM ET",price_change,UP,0.85,900.48,0.85,0.86
2026-01-14 06:48:58,662,"Bitcoin Up or Down - January 13, 5:45PM-6:00PM ET",price_change,DOWN,0.06,1521.85,0.14,0.15
2026-01-14 06:48:58,662,"Bitcoin Up or Down - January 13, 5:45PM-6:00PM ET",price_change,UP,0.85,813.48,0.85,0.86
2026-01-14 06:48:59,661,"Bitcoin Up or Down - January 13, 5:45PM-6:00PM ET",price_change,DOWN,0.06,1521.85,0.14,0.15
2026-01-14 06:48:59,661,"Bitcoin Up or Down - January 13, 5:45PM-6:00PM ET",price_change,UP,0.85,622.01,0.85,0.86
2026-01-14 06:49:00,660,"Bitcoin Up or Down - January 13, 5:45PM-6:00PM ET",price_change,UP,0.83,699.38,0.85,0.86
2026-01-14 06:49:00,660,"Bitcoin Up or Down - January 13, 5:45PM-6:00PM ET",price_change,DOWN,0.08,1385.12,0.14,0.15
2026-01-14 06:49:01,659,"Bitcoin Up or Down - January 13, 5:45PM-6:00PM ET",price_change,UP,0.05,5288.55,0.85,0.86
2026-01-14 06:49:01,659,"Bitcoin Up or Down - January 13, 5:45PM-6:00PM ET",price_change,DOWN,0.06,1565.85,0.14,0.15
2026-01-14 06:49:02,658,"Bitcoin Up or Down - January 13, 5:45PM-6:00PM ET",price_change,DOWN,0.06,1402.85,0.14,0.15
2026-01-14 06:49:02,658,"Bitcoin Up or Down - January 13, 5:45PM-6:00PM ET",price_change,UP,0.78,926.69,0.85,0.86
2026-01-14 06:49:03,657,"Bitcoin Up or Down - January 13, 5:45PM-6:00PM ET",price_change,DOWN,0.06,1402.85,0.14,0.15
2026-01-14 06:49:03,657,"Bitcoin Up or Down - January 13, 5:45PM-6:00PM ET",price_change,UP,0.8,904.22,0.85,0.86
2026-01-14 06:49:04,656,"Bitcoin Up or Down - January 13, 5:45PM-6:00PM ET",price_change,UP,0.85,263.07,0.85,0.86
2026-01-14 06:49:04,656,"Bitcoin Up or Down - January 13, 5:45PM-6:00PM ET",price_change,DOWN,0.14,458.71,0.14,0.15
2026-01-14 06:49:05,655,"Bitcoin Up or Down - January 13, 5:45PM-6:00PM ET",price_change,UP,0.78,923.99,0.85,0.86
2026-01-14 06:49:05,655,"Bitcoin Up or Down - January 13, 5:45PM-6:00PM ET",price_change,DOWN,0.01,13452.79,0.14,0.15
2026-01-14 06:49:06,654,"Bitcoin Up or Down - January 13, 5:45PM-6:00PM ET",price_change,DOWN,0.15,2718.52,0.16,0.18
2026-01-14 06:49:06,654,"Bitcoin Up or Down - January 13, 5:45PM-6:00PM ET",price_change,UP,0.82,271.3,0.82,0.84
2026-01-14 06:49:07,653,"Bitcoin Up or Down - January 13, 5:45PM-6:00PM ET",price_change,DOWN,0.14,1377.85,0.19,0.2
2026-01-14 06:49:07,653,"Bitcoin Up or Down - January 13, 5:45PM-6:00PM ET",price_change,UP,0.73,805,0.8,0.81
2026-01-14 06:49:08,652,"Bitcoin Up or Down - January 13, 5:45PM-6:00PM ET",price_change,UP,0.8,39.17,0.8,0.81
2026-01-14 06:49:08,652,"Bitcoin Up or Down - January 13, 5:45PM-6:00PM ET",price_change,DOWN,0.1,1200.57,0.19,0.2
2026-01-14 06:49:09,651,"Bitcoin Up or Down - January 13, 5:45PM-6:00PM ET",price_change,DOWN,0.1,1200.57,0.19,0.2
2026-01-14 06:49:09,651,"Bitcoin Up or Down - January 13, 5:45PM-6:00PM ET",price_change,UP,0.8,97.8,0.8,0.81
2026-01-14 06:49:10,650,"Bitcoin Up or Down - January 13, 5:45PM-6:00PM ET",price_change,UP,0.79,67.05,0.79,0.8
2026-01-14 06:49:10,650,"Bitcoin Up or Down - January 13, 5:45PM-6:00PM ET",price_change,DOWN,0.05,2408.41,0.2,0.21
2026-01-14 06:49:11,649,"Bitcoin Up or Down - January 13, 5:45PM-6:00PM ET",price_change,DOWN,0.2,843.43,0.2,0.21
2026-01-14 06:49:11,649,"Bitcoin Up or Down - January 13, 5:45PM-6:00PM ET",price_change,UP,0.79,1474.68,0.79,0.8
2026-01-14 06:49:12,648,"Bitcoin Up or Down - January 13, 5:45PM-6:00PM ET",price_change,UP,0.8,260.36,0.8,0.81
2026-01-14 06:49:12,648,"Bitcoin Up or Down - January 13, 5:45PM-6:00PM ET",price_change,DOWN,0.14,363.85,0.19,0.2
2026-01-14 06:49:13,647,"Bitcoin Up or Down - January 13, 5:45PM-6:00PM ET",price_change,DOWN,0.11,947.25,0.2,0.21
2026-01-14 06:49:13,647,"Bitcoin Up or Down - January 13, 5:45PM-6:00PM ET",price_change,UP,0.79,3.5,0.79,0.8
2026-01-14 06:49:14,646,"Bitcoin Up or Down - January 13, 5:45PM-6:00PM ET",price_change,DOWN,0.14,405.13,0.22,0.23
2026-01-14 06:49:14,646,"Bitcoin Up or Down - January 13, 5:45PM-6:00PM ET",price_change,UP,0.75,851.5,0.77,0.78
2026-01-14 06:49:15,645,"Bitcoin Up or Down - January 13, 5:45PM-6:00PM ET",price_change,DOWN,0.23,452.44,0.23,0.24
2026-01-14 06:49:15,645,"Bitcoin Up or Down - January 13, 5:45PM-6:00PM ET",price_change,UP,0.75,826.5,0.76,0.77
2026-01-14 06:49:16,644,"Bitcoin Up or Down - January 13, 5:45PM-6:00PM ET",price_change,UP,0.76,135.45,0.76,0.77
2026-01-14 06:49:16,644,"Bitcoin Up or Down - January 13, 5:45PM-6:00PM ET",price_change,DOWN,0.17,2795.19,0.23,0.24
2026-01-14 06:49:17,643,"Bitcoin Up or Down - January 13, 5:45PM-6:00PM ET",price_change,DOWN,0.23,1480.5,0.23,0.24
2026-01-14 06:49:17,643,"Bitcoin Up or Down - January 13, 5:45PM-6:00PM ET",price_change,UP,0.7,775,0.76,0.77
2026-01-14 06:49:18,642,"Bitcoin Up or Down - January 13, 5:45PM-6:00PM ET",price_change,UP,0.72,908.29,0.76,0.77
2026-01-14 06:49:18,642,"Bitcoin Up or Down - January 13, 5:45PM-6:00PM ET",price_change,DOWN,0.17,1906.11,0.23,0.24
2026-01-14 06:49:19,641,"Bitcoin Up or Down - January 13, 5:45PM-6:00PM ET",price_change,DOWN,0.17,1884.19,0.23,0.24
2026-01-14 06:49:19,641,"Bitcoin Up or Down - January 13, 5:45PM-6:00PM ET",price_change,UP,0.7,786,0.76,0.77
2026-01-14 06:49:20,640,"Bitcoin Up or Down - January 13, 5:45PM-6:00PM ET",price_change,UP,0.74,69.92,0.74,0.75
2026-01-14 06:49:20,640,"Bitcoin Up or Down - January 13, 5:45PM-6:00PM ET",price_change,DOWN,0.23,2185.06,0.25,0.26
2026-01-14 06:49:21,639,"Bitcoin Up or Down - January 13, 5:45PM-6:00PM ET",price_change,DOWN,0.16,771.57,0.26,0.27
2026-01-14 06:49:21,639,"Bitcoin Up or Down - January 13, 5:45PM-6:00PM ET",price_change,UP,0.73,66.92,0.73,0.74
2026-01-14 06:49:22,638,"Bitcoin Up or Down - January 13, 5:45PM-6:00PM ET",price_change,DOWN,0.16,771.57,0.26,0.27
2026-01-14 06:49:22,638,"Bitcoin Up or Down - January 13, 5:45PM-6:00PM ET",price_change,UP,0.72,244.5,0.73,0.74
2026-01-14 06:49:23,637,"Bitcoin Up or Down - January 13, 5:45PM-6:00PM ET",price_change,DOWN,0.16,771.57,0.26,0.27
2026-01-14 06:49:23,637,"Bitcoin Up or Down - January 13, 5:45PM-6:00PM ET",price_change,UP,0.73,20.62,0.73,0.74
2026-01-14 06:49:23,636,"Bitcoin Up or Down - January 13, 5:45PM-6:00PM ET",price_change,UP,0.72,268.26,0.72,0.73
2026-01-14 06:49:23,636,"Bitcoin Up or Down - January 13, 5:45PM-6:00PM ET",price_change,DOWN,0.25,1936.64,0.27,0.28
2026-01-14 06:49:24,636,"Bitcoin Up or Down - January 13, 5:45PM-6:00PM ET",price_change,UP,0.69,875.7,0.72,0.73
2026-01-14 06:49:24,636,"Bitcoin Up or Down - January 13, 5:45PM-6:00PM ET",price_change,DOWN,0.25,1925.64,0.27,0.28
2026-01-14 06:49:25,635,"Bitcoin Up or Down - January 13, 5:45PM-6:00PM ET",price_change,DOWN,0.2,768.1,0.27,0.28
2026-01-14 06:49:25,635,"Bitcoin Up or Down - January 13, 5:45PM-6:00PM ET",price_change,UP,0.71,304.5,0.72,0.73
2026-01-14 06:49:26,634,"Bitcoin Up or Down - January 13, 5:45PM-6:00PM ET",price_change,DOWN,0.29,181,0.29,0.3
2026-01-14 06:49:26,634,"Bitcoin Up or Down - January 13, 5:45PM-6:00PM ET",price_change,UP,0.69,237,0.7,0.71
2026-01-14 06:49:27,633,"Bitcoin Up or Down - January 13, 5:45PM-6:00PM ET",price_change,UP,0.7,306.35,0.7,0.71
2026-01-14 06:49:27,633,"Bitcoin Up or Down - January 13, 5:45PM-6:00PM ET",price_change,DOWN,0.26,1191,0.29,0.3
2026-01-14 06:49:28,632,"Bitcoin Up or Down - January 13, 5:45PM-6:00PM ET",price_change,DOWN,0.27,942,0.29,0.3
2026-01-14 06:49:28,632,"Bitcoin Up or Down - January 13, 5:45PM-6:00PM ET",price_change,UP,0.57,885.3,0.7,0.71
2026-01-14 06:49:29,631,"Bitcoin Up or Down - January 13, 5:45PM-6:00PM ET",price_change,DOWN,0.09,2193.46,0.27,0.28
2026-01-14 06:49:29,631,"Bitcoin Up or Down - January 13, 5:45PM-6:00PM ET",price_change,UP,0.68,906.59,0.72,0.73
2026-01-14 06:49:30,630,"Bitcoin Up or Down - January 13, 5:45PM-6:00PM ET",price_change,UP,0.72,32.35,0.72,0.73
2026-01-14 06:49:30,630,"Bitcoin Up or Down - January 13, 5:45PM-6:00PM ET",price_change,DOWN,0.1,1200.4,0.27,0.28
2026-01-14 06:49:31,629,"Bitcoin Up or Down - January 13, 5:45PM-6:00PM ET",price_change,UP,0.7,129.5,0.71,0.72
2026-01-14 06:49:31,629,"Bitcoin Up or Down - January 13, 5:45PM-6:00PM ET",price_change,DOWN,0.22,1762.6,0.28,0.29
2026-01-14 06:49:32,628,"Bitcoin Up or Down - January 13, 5:45PM-6:00PM ET",price_change,DOWN,0.15,866.69,0.27,0.28
2026-01-14 06:49:32,628,"Bitcoin Up or Down - January 13, 5:45PM-6:00PM ET",price_change,UP,0.63,889,0.72,0.73
2026-01-14 06:49:33,627,"Bitcoin Up or Down - January 13, 5:45PM-6:00PM ET",price_change,UP,0.7,1466,0.72,0.73
2026-01-14 06:49:33,627,"Bitcoin Up or Down - January 13, 5:45PM-6:00PM ET",price_change,DOWN,0.16,771.57,0.27,0.28
2026-01-14 06:49:34,626,"Bitcoin Up or Down - January 13, 5:45PM-6:00PM ET",price_change,UP,0.72,812.18,0.72,0.73
2026-01-14 06:49:34,626,"Bitcoin Up or Down - January 13, 5:45PM-6:00PM ET",price_change,DOWN,0.27,879.59,0.27,0.28
2026-01-14 06:49:35,625,"Bitcoin Up or Down - January 13, 5:45PM-6:00PM ET",price_change,DOWN,0.17,764.19,0.27,0.28
2026-01-14 06:49:35,625,"Bitcoin Up or Down - January 13, 5:45PM-6:00PM ET",price_change,UP,0.71,322,0.72,0.73
2026-01-14 06:49:36,624,"Bitcoin Up or Down - January 13, 5:45PM-6:00PM ET",price_change,DOWN,0.2,783.1,0.27,0.28
2026-01-14 06:49:36,624,"Bitcoin Up or Down - January 13, 5:45PM-6:00PM ET",price_change,UP,0.72,1733.13,0.72,0.73
2026-01-14 06:49:37,623,"Bitcoin Up or Down - January 13, 5:45PM-6:00PM ET",price_change,DOWN,0.18,974.85,0.27,0.28
2026-01-14 06:49:37,623,"Bitcoin Up or Down - January 13, 5:45PM-6:00PM ET",price_change,UP,0.71,322,0.72,0.73
2026-01-14 06:49:38,622,"Bitcoin Up or Down - January 13, 5:45PM-6:00PM ET",price_change,DOWN,0.18,969.85,0.27,0.28
2026-01-14 06:49:38,622,"Bitcoin Up or Down - January 13, 5:45PM-6:00PM ET",price_change,UP,0.72,1808.44,0.72,0.73
2026-01-14 06:49:39,621,"Bitcoin Up or Down - January 13, 5:45PM-6:00PM ET",price_change,UP,0.72,1831.25,0.72,0.73
2026-01-14 06:49:39,621,"Bitcoin Up or Down - January 13, 5:45PM-6:00PM ET",price_change,DOWN,0.27,376.11,0.27,0.28
2026-01-14 06:49:40,620,"Bitcoin Up or Down - January 13, 5:45PM-6:00PM ET",price_change,DOWN,0.18,969.85,0.27,0.28
2026-01-14 06:49:40,620,"Bitcoin Up or Down - January 13, 5:45PM-6:00PM ET",price_change,UP,0.72,736.3,0.72,0.73
2026-01-14 06:49:41,619,"Bitcoin Up or Down - January 13, 5:45PM-6:00PM ET",price_change,UP,0.64,788,0.72,0.73
2026-01-14 06:49:41,619,"Bitcoin Up or Down - January 13, 5:45PM-6:00PM ET",price_change,DOWN,0.25,1640,0.27,0.28
2026-01-14 06:49:42,618,"Bitcoin Up or Down - January 13, 5:45PM-6:00PM ET",price_change,DOWN,0.26,49.12,0.26,0.27
2026-01-14 06:49:42,618,"Bitcoin Up or Down - January 13, 5:45PM-6:00PM ET",price_change,UP,0.73,84.02,0.73,0.74
2026-01-14 06:49:43,617,"Bitcoin Up or Down - January 13, 5:45PM-6:00PM ET",price_change,UP,0.73,1434.47,0.73,0.74
2026-01-14 06:49:43,617,"Bitcoin Up or Down - January 13, 5:45PM-6:00PM ET",price_change,DOWN,0.19,697.72,0.26,0.27
2026-01-14 06:49:44,616,"Bitcoin Up or Down - January 13, 5:45PM-6:00PM ET",price_change,UP,0.71,816,0.73,0.74
2026-01-14 06:49:44,616,"Bitcoin Up or Down - January 13, 5:45PM-6:00PM ET",price_change,DOWN,0.25,1147,0.26,0.27
2026-01-14 06:49:45,615,"Bitcoin Up or Down - January 13, 5:45PM-6:00PM ET",price_change,DOWN,0.18,974.92,0.26,0.27
2026-01-14 06:49:45,615,"Bitcoin Up or Down - January 13, 5:45PM-6:00PM ET",price_change,UP,0.71,966.21,0.73,0.74
2026-01-14 06:49:46,614,"Bitcoin Up or Down - January 13, 5:45PM-6:00PM ET",price_change,DOWN,0.17,764.19,0.26,0.27
2026-01-14 06:49:46,614,"Bitcoin Up or Down - January 13, 5:45PM-6:00PM ET",price_change,UP,0.65,780,0.73,0.74
2026-01-14 06:49:47,613,"Bitcoin Up or Down - January 13, 5:45PM-6:00PM ET",price_change,DOWN,0.25,944,0.26,0.27
2026-01-14 06:49:47,613,"Bitcoin Up or Down - January 13, 5:45PM-6:00PM ET",price_change,UP,0.72,2604.64,0.73,0.74
2026-01-14 06:49:48,612,"Bitcoin Up or Down - January 13, 5:45PM-6:00PM ET",price_change,DOWN,0.15,828.85,0.26,0.27
2026-01-14 06:49:48,612,"Bitcoin Up or Down - January 13, 5:45PM-6:00PM ET",price_change,UP,0.72,2597.14,0.73,0.74
2026-01-14 06:49:49,611,"Bitcoin Up or Down - January 13, 5:45PM-6:00PM ET",price_change,DOWN,0.24,1789.5,0.25,0.26
2026-01-14 06:49:49,611,"Bitcoin Up or Down - January 13, 5:45PM-6:00PM ET",price_change,UP,0.64,780,0.74,0.75
2026-01-14 06:49:50,610,"Bitcoin Up or Down - January 13, 5:45PM-6:00PM ET",price_change,DOWN,0.08,1227.12,0.25,0.26
2026-01-14 06:49:50,610,"Bitcoin Up or Down - January 13, 5:45PM-6:00PM ET",price_change,UP,0.74,1233.16,0.74,0.75
2026-01-14 06:49:51,609,"Bitcoin Up or Down - January 13, 5:45PM-6:00PM ET",price_change,DOWN,0.16,971.57,0.25,0.26
2026-01-14 06:49:51,609,"Bitcoin Up or Down - January 13, 5:45PM-6:00PM ET",price_change,UP,0.7,774.91,0.74,0.75
2026-01-14 06:49:52,608,"Bitcoin Up or Down - January 13, 5:45PM-6:00PM ET",price_change,DOWN,0.16,971.57,0.25,0.26
2026-01-14 06:49:52,608,"Bitcoin Up or Down - January 13, 5:45PM-6:00PM ET",price_change,UP,0.72,1710.14,0.74,0.75
2026-01-14 06:49:53,607,"Bitcoin Up or Down - January 13, 5:45PM-6:00PM ET",price_change,DOWN,0.16,976.57,0.25,0.26
2026-01-14 06:49:53,607,"Bitcoin Up or Down - January 13, 5:45PM-6:00PM ET",price_change,UP,0.53,770.2,0.74,0.75
2026-01-14 06:49:54,606,"Bitcoin Up or Down - January 13, 5:45PM-6:00PM ET",price_change,DOWN,0.16,976.57,0.25,0.26
2026-01-14 06:49:54,606,"Bitcoin Up or Down - January 13, 5:45PM-6:00PM ET",price_change,UP,0.74,1215.52,0.74,0.75
2026-01-14 06:49:55,605,"Bitcoin Up or Down - January 13, 5:45PM-6:00PM ET",price_change,DOWN,0.16,976.57,0.25,0.26
2026-01-14 06:49:55,605,"Bitcoin Up or Down - January 13, 5:45PM-6:00PM ET",price_change,UP,0.61,712.47,0.74,0.75
2026-01-14 06:49:56,604,"Bitcoin Up or Down - January 13, 5:45PM-6:00PM ET",price_change,DOWN,0.16,976.57,0.25,0.26
2026-01-14 06:49:56,604,"Bitcoin Up or Down - January 13, 5:45PM-6:00PM ET",price_change,UP,0.72,2460.14,0.74,0.75
2026-01-14 06:49:57,603,"Bitcoin Up or Down - January 13, 5:45PM-6:00PM ET",price_change,DOWN,0.16,976.57,0.25,0.26
2026-01-14 06:49:57,603,"Bitcoin Up or Down - January 13, 5:45PM-6:00PM ET",price_change,UP,0.74,1192.73,0.74,0.75
2026-01-14 06:49:58,602,"Bitcoin Up or Down - January 13, 5:45PM-6:00PM ET",price_change,DOWN,0.16,983.57,0.25,0.26
2026-01-14 06:49:58,602,"Bitcoin Up or Down - January 13, 5:45PM-6:00PM ET",price_change,UP,0.7,819.9,0.74,0.75
2026-01-14 06:49:59,601,"Bitcoin Up or Down - January 13, 5:45PM-6:00PM ET",price_change,DOWN,0.16,978.57,0.25,0.26
2026-01-14 06:49:59,601,"Bitcoin Up or Down - January 13, 5:45PM-6:00PM ET",price_change,UP,0.74,1254.06,0.74,0.75
2026-01-14 06:50:00,600,"Bitcoin Up or Down - January 13, 5:45PM-6:00PM ET",price_change,DOWN,0.16,971.57,0.25,0.26
2026-01-14 06:50:00,600,"Bitcoin Up or Down - January 13, 5:45PM-6:00PM ET",price_change,UP,0.73,2021.5,0.74,0.75
2026-01-14 06:50:01,599,"Bitcoin Up or Down - January 13, 5:45PM-6:00PM ET",price_change,DOWN,0.16,971.57,0.25,0.26
2026-01-14 06:50:01,599,"Bitcoin Up or Down - January 13, 5:45PM-6:00PM ET",price_change,UP,0.01,13697.48,0.74,0.75
2026-01-14 06:50:02,598,"Bitcoin Up or Down - January 13, 5:45PM-6:00PM ET",price_change,UP,0.74,2280.87,0.74,0.75
2026-01-14 06:50:02,598,"Bitcoin Up or Down - January 13, 5:45PM-6:00PM ET",price_change,DOWN,0.21,835,0.25,0.26
2026-01-14 06:50:02,596,"Bitcoin Up or Down - January 13, 5:45PM-6:00PM ET",price_change,DOWN,0.25,83.23,0.25,0.26
2026-01-14 06:50:02,596,"Bitcoin Up or Down - January 13, 5:45PM-6:00PM ET",price_change,UP,0.74,2104.56,0.74,0.75
2026-01-14 06:50:02,596,"Bitcoin Up or Down - January 13, 5:45PM-6:00PM ET",price_change,UP,0.74,2094.89,0.74,0.75
2026-01-14 06:50:02,596,"Bitcoin Up or Down - January 13, 5:45PM-6:00PM ET",price_change,DOWN,0.22,67.5,0.25,0.26
2026-01-14 06:50:02,596,"Bitcoin Up or Down - January 13, 5:45PM-6:00PM ET",price_change,DOWN,0.21,825,0.24,0.26
2026-01-14 06:50:02,596,"Bitcoin Up or Down - January 13, 5:45PM-6:00PM ET",price_change,UP,0.74,2005.89,0.74,0.76
2026-01-14 06:50:03,596,"Bitcoin Up or Down - January 13, 5:45PM-6:00PM ET",price_change,UP,0.75,347.74,0.76,0.78
2026-01-14 06:50:03,596,"Bitcoin Up or Down - January 13, 5:45PM-6:00PM ET",price_change,DOWN,0.02,9188.59,0.22,0.24
2026-01-14 06:50:04,595,"Bitcoin Up or Down - January 13, 5:45PM-6:00PM ET",price_change,UP,0.73,1888.89,0.76,0.79
2026-01-14 06:50:04,595,"Bitcoin Up or Down - January 13, 5:45PM-6:00PM ET",price_change,DOWN,0.23,5.5,0.23,0.24
2026-01-14 06:50:05,595,"Bitcoin Up or Down - January 13, 5:45PM-6:00PM ET",price_change,UP,0.77,2063,0.77,0.78
2026-01-14 06:50:05,595,"Bitcoin Up or Down - January 13, 5:45PM-6:00PM ET",price_change,DOWN,0.19,1595.84,0.22,0.23
2026-01-14 06:50:06,594,"Bitcoin Up or Down - January 13, 5:45PM-6:00PM ET",price_change,UP,0.74,1025.91,0.74,0.76
2026-01-14 06:50:06,594,"Bitcoin Up or Down - January 13, 5:45PM-6:00PM ET",price_change,DOWN,0.2,930,0.24,0.26
2026-01-14 06:50:07,593,"Bitcoin Up or Down - January 13, 5:45PM-6:00PM ET",price_change,DOWN,0.25,138.48,0.25,0.27
2026-01-14 06:50:07,593,"Bitcoin Up or Down - January 13, 5:45PM-6:00PM ET",price_change,UP,0.73,34.5,0.73,0.75
2026-01-14 06:50:08,592,"Bitcoin Up or Down - January 13, 5:45PM-6:00PM ET",price_change,UP,0.1,5196.33,0.73,0.74
2026-01-14 06:50:08,592,"Bitcoin Up or Down - January 13, 5:45PM-6:00PM ET",price_change,DOWN,0.16,821.57,0.26,0.27
2026-01-14 06:50:09,591,"Bitcoin Up or Down - January 13, 5:45PM-6:00PM ET",price_change,DOWN,0.16,771.57,0.26,0.27
2026-01-14 06:50:09,591,"Bitcoin Up or Down - January 13, 5:45PM-6:00PM ET",price_change,UP,0.71,980.21,0.73,0.74
2026-01-14 06:50:10,590,"Bitcoin Up or Down - January 13, 5:45PM-6:00PM ET",price_change,DOWN,0.16,771.57,0.26,0.27
2026-01-14 06:50:10,590,"Bitcoin Up or Down - January 13, 5:45PM-6:00PM ET",price_change,UP,0.75,1614.88,0.75,0.76
2026-01-14 06:50:11,589,"Bitcoin Up or Down - January 13, 5:45PM-6:00PM ET",price_change,DOWN,0.23,1583.5,0.24,0.25
2026-01-14 06:50:11,589,"Bitcoin Up or Down - January 13, 5:45PM-6:00PM ET",price_change,UP,0.72,1520.7,0.75,0.76
2026-01-14 06:50:12,588,"Bitcoin Up or Down - January 13, 5:45PM-6:00PM ET",price_change,DOWN,0.24,2373.35,0.24,0.25
2026-01-14 06:50:12,588,"Bitcoin Up or Down - January 13, 5:45PM-6:00PM ET",price_change,UP,0.72,809.7,0.75,0.76
2026-01-14 06:50:13,587,"Bitcoin Up or Down - January 13, 5:45PM-6:00PM ET",price_change,UP,0.73,181,0.75,0.76
2026-01-14 06:50:13,587,"Bitcoin Up or Down - January 13, 5:45PM-6:00PM ET",price_change,DOWN,0.24,4205.35,0.24,0.25
2026-01-14 06:50:14,586,"Bitcoin Up or Down - January 13, 5:45PM-6:00PM ET",price_change,DOWN,0.23,999.8,0.24,0.25
2026-01-14 06:50:14,586,"Bitcoin Up or Down - January 13, 5:45PM-6:00PM ET",price_change,UP,0.75,956.86,0.75,0.76
2026-01-14 06:50:15,585,"Bitcoin Up or Down - January 13, 5:45PM-6:00PM ET",price_change,UP,0.75,786.86,0.75,0.76
2026-01-14 06:50:15,585,"Bitcoin Up or Down - January 13, 5:45PM-6:00PM ET",price_change,DOWN,0.22,846.6,0.24,0.25
2026-01-14 06:50:16,584,"Bitcoin Up or Down - January 13, 5:45PM-6:00PM ET",price_change,DOWN,0.19,824.24,0.24,0.25
2026-01-14 06:50:16,584,"Bitcoin Up or Down - January 13, 5:45PM-6:00PM ET",price_change,UP,0.74,70.13,0.75,0.76
2026-01-14 06:50:17,583,"Bitcoin Up or Down - January 13, 5:45PM-6:00PM ET",price_change,UP,0.62,883,0.75,0.76
2026-01-14 06:50:17,583,"Bitcoin Up or Down - January 13, 5:45PM-6:00PM ET",price_change,DOWN,0.24,3306.19,0.24,0.25
2026-01-14 06:50:18,582,"Bitcoin Up or Down - January 13, 5:45PM-6:00PM ET",price_change,DOWN,0.2,798.1,0.24,0.25
2026-01-14 06:50:18,582,"Bitcoin Up or Down - January 13, 5:45PM-6:00PM ET",price_change,UP,0.72,55.81,0.72,0.76
2026-01-14 06:50:19,581,"Bitcoin Up or Down - January 13, 5:45PM-6:00PM ET",price_change,DOWN,0.26,183.46,0.26,0.27
2026-01-14 06:50:19,581,"Bitcoin Up or Down - January 13, 5:45PM-6:00PM ET",price_change,UP,0.71,201.21,0.73,0.74
2026-01-14 06:50:20,580,"Bitcoin Up or Down - January 13, 5:45PM-6:00PM ET",price_change,DOWN,0.19,624.24,0.26,0.27
2026-01-14 06:50:20,580,"Bitcoin Up or Down - January 13, 5:45PM-6:00PM ET",price_change,UP,0.7,879.8,0.73,0.74
2026-01-14 06:50:20,579,"Bitcoin Up or Down - January 13, 5:45PM-6:00PM ET",price_change,DOWN,0.26,122.96,0.26,0.27
2026-01-14 06:50:21,579,"Bitcoin Up or Down - January 13, 5:45PM-6:00PM ET",price_change,UP,0.7,102.91,0.73,0.74
2026-01-14 06:50:21,579,"Bitcoin Up or Down - January 13, 5:45PM-6:00PM ET",price_change,DOWN,0.26,110.96,0.26,0.27
2026-01-14 06:50:22,578,"Bitcoin Up or Down - January 13, 5:45PM-6:00PM ET",price_change,DOWN,0.19,624.24,0.26,0.27
2026-01-14 06:50:22,578,"Bitcoin Up or Down - January 13, 5:45PM-6:00PM ET",price_change,UP,0.73,104.41,0.73,0.74
2026-01-14 06:50:23,577,"Bitcoin Up or Down - January 13, 5:45PM-6:00PM ET",price_change,DOWN,0.19,624.24,0.26,0.27
2026-01-14 06:50:23,577,"Bitcoin Up or Down - January 13, 5:45PM-6:00PM ET",price_change,UP,0.72,177,0.73,0.74
2026-01-14 06:50:24,576,"Bitcoin Up or Down - January 13, 5:45PM-6:00PM ET",price_change,DOWN,0.27,61.1,0.27,0.29
2026-01-14 06:50:24,576,"Bitcoin Up or Down - January 13, 5:45PM-6:00PM ET",price_change,UP,0.71,297.71,0.71,0.73
2026-01-14 06:50:25,575,"Bitcoin Up or Down - January 13, 5:45PM-6:00PM ET",price_change,DOWN,0.2,803.1,0.27,0.29
2026-01-14 06:50:25,575,"Bitcoin Up or Down - January 13, 5:45PM-6:00PM ET",price_change,UP,0.71,183.64,0.71,0.72
2026-01-14 06:50:26,574,"Bitcoin Up or Down - January 13, 5:45PM-6:00PM ET",price_change,DOWN,0.21,987.8,0.28,0.29
2026-01-14 06:50:26,574,"Bitcoin Up or Down - January 13, 5:45PM-6:00PM ET",price_change,UP,0.65,897,0.71,0.72
2026-01-14 06:50:27,573,"Bitcoin Up or Down - January 13, 5:45PM-6:00PM ET",price_change,UP,0.68,108,0.68,0.7
2026-01-14 06:50:27,573,"Bitcoin Up or Down - January 13, 5:45PM-6:00PM ET",price_change,DOWN,0.25,1020,0.3,0.32
2026-01-14 06:50:28,572,"Bitcoin Up or Down - January 13, 5:45PM-6:00PM ET",price_change,UP,0.68,13.79,0.68,0.69
2026-01-14 06:50:28,572,"Bitcoin Up or Down - January 13, 5:45PM-6:00PM ET",price_change,DOWN,0.29,845.61,0.31,0.32
2026-01-14 06:50:29,571,"Bitcoin Up or Down - January 13, 5:45PM-6:00PM ET",price_change,UP,0.67,11.59,0.67,0.68
2026-01-14 06:50:29,571,"Bitcoin Up or Down - January 13, 5:45PM-6:00PM ET",price_change,DOWN,0.3,851,0.32,0.33
2026-01-14 06:50:30,570,"Bitcoin Up or Down - January 13, 5:45PM-6:00PM ET",price_change,UP,0.64,222,0.65,0.67
2026-01-14 06:50:30,570,"Bitcoin Up or Down - January 13, 5:45PM-6:00PM ET",price_change,DOWN,0.33,243.34,0.33,0.35
2026-01-14 06:50:31,569,"Bitcoin Up or Down - January 13, 5:45PM-6:00PM ET",price_change,UP,0.65,48.5,0.65,0.66
2026-01-14 06:50:31,569,"Bitcoin Up or Down - January 13, 5:45PM-6:00PM ET",price_change,DOWN,0.29,985,0.34,0.35
2026-01-14 06:50:32,568,"Bitcoin Up or Down - January 13, 5:45PM-6:00PM ET",price_change,DOWN,0.3,951,0.34,0.35
2026-01-14 06:50:32,568,"Bitcoin Up or Down - January 13, 5:45PM-6:00PM ET",price_change,UP,0.65,57.11,0.65,0.66
2026-01-14 06:50:33,567,"Bitcoin Up or Down - January 13, 5:45PM-6:00PM ET",price_change,DOWN,0.33,870.79,0.33,0.35
2026-01-14 06:50:33,567,"Bitcoin Up or Down - January 13, 5:45PM-6:00PM ET",price_change,UP,0.65,1011.16,0.65,0.67
2026-01-14 06:50:34,566,"Bitcoin Up or Down - January 13, 5:45PM-6:00PM ET",price_change,DOWN,0.24,1136.02,0.33,0.34
2026-01-14 06:50:34,566,"Bitcoin Up or Down - January 13, 5:45PM-6:00PM ET",price_change,UP,0.65,2022.16,0.66,0.67
2026-01-14 06:50:35,565,"Bitcoin Up or Down - January 13, 5:45PM-6:00PM ET",price_change,UP,0.66,122.69,0.66,0.67
2026-01-14 06:50:35,565,"Bitcoin Up or Down - January 13, 5:45PM-6:00PM ET",price_change,DOWN,0.24,1136.02,0.33,0.34
2026-01-14 06:50:36,564,"Bitcoin Up or Down - January 13, 5:45PM-6:00PM ET",price_change,DOWN,0.26,907.59,0.33,0.34
2026-01-14 06:50:36,564,"Bitcoin Up or Down - January 13, 5:45PM-6:00PM ET",price_change,UP,0.65,1269.16,0.66,0.67
2026-01-14 06:50:37,563,"Bitcoin Up or Down - January 13, 5:45PM-6:00PM ET",price_change,DOWN,0.14,317.27,0.33,0.34
2026-01-14 06:50:37,563,"Bitcoin Up or Down - January 13, 5:45PM-6:00PM ET",price_change,UP,0.66,26.55,0.66,0.67
2026-01-14 06:50:38,562,"Bitcoin Up or Down - January 13, 5:45PM-6:00PM ET",price_change,DOWN,0.27,761.6,0.33,0.34
2026-01-14 06:50:38,562,"Bitcoin Up or Down - January 13, 5:45PM-6:00PM ET",price_change,UP,0.62,1475,0.66,0.67
2026-01-14 06:50:39,561,"Bitcoin Up or Down - January 13, 5:45PM-6:00PM ET",price_change,DOWN,0.27,761.6,0.33,0.34
2026-01-14 06:50:39,561,"Bitcoin Up or Down - January 13, 5:45PM-6:00PM ET",price_change,UP,0.63,942,0.66,0.67
2026-01-14 06:50:40,560,"Bitcoin Up or Down - January 13, 5:45PM-6:00PM ET",price_change,UP,0.61,606.97,0.66,0.67
2026-01-14 06:50:40,560,"Bitcoin Up or Down - January 13, 5:45PM-6:00PM ET",price_change,DOWN,0.27,766.6,0.33,0.34
2026-01-14 06:50:41,559,"Bitcoin Up or Down - January 13, 5:45PM-6:00PM ET",price_change,DOWN,0.31,1015.64,0.33,0.34
2026-01-14 06:50:41,559,"Bitcoin Up or Down - January 13, 5:45PM-6:00PM ET",price_change,UP,0.66,1242.27,0.66,0.67
2026-01-14 06:50:42,558,"Bitcoin Up or Down - January 13, 5:45PM-6:00PM ET",price_change,DOWN,0.26,707.59,0.33,0.34
2026-01-14 06:50:42,558,"Bitcoin Up or Down - January 13, 5:45PM-6:00PM ET",price_change,UP,0.65,1804.01,0.66,0.67
2026-01-14 06:50:43,557,"Bitcoin Up or Down - January 13, 5:45PM-6:00PM ET",price_change,UP,0.59,818.9,0.66,0.67
2026-01-14 06:50:43,557,"Bitcoin Up or Down - January 13, 5:45PM-6:00PM ET",price_change,DOWN,0.33,858.15,0.33,0.34
2026-01-14 06:50:44,556,"Bitcoin Up or Down - January 13, 5:45PM-6:00PM ET",price_change,DOWN,0.27,766.6,0.33,0.34
2026-01-14 06:50:44,556,"Bitcoin Up or Down - January 13, 5:45PM-6:00PM ET",price_change,UP,0.51,880.2,0.66,0.67
2026-01-14 06:50:45,555,"Bitcoin Up or Down - January 13, 5:45PM-6:00PM ET",price_change,DOWN,0.26,712.59,0.33,0.34
2026-01-14 06:50:45,555,"Bitcoin Up or Down - January 13, 5:45PM-6:00PM ET",price_change,UP,0.66,2183.5,0.66,0.67
2026-01-14 06:50:46,554,"Bitcoin Up or Down - January 13, 5:45PM-6:00PM ET",price_change,DOWN,0.26,712.59,0.33,0.34
2026-01-14 06:50:46,554,"Bitcoin Up or Down - January 13, 5:45PM-6:00PM ET",price_change,UP,0.66,2933.17,0.66,0.67
2026-01-14 06:50:47,553,"Bitcoin Up or Down - January 13, 5:45PM-6:00PM ET",price_change,DOWN,0.33,790.5,0.33,0.34
2026-01-14 06:50:47,553,"Bitcoin Up or Down - January 13, 5:45PM-6:00PM ET",price_change,UP,0.61,656.96,0.66,0.67
2026-01-14 06:50:48,552,"Bitcoin Up or Down - January 13, 5:45PM-6:00PM ET",price_change,UP,0.67,11,0.67,0.68
2026-01-14 06:50:48,552,"Bitcoin Up or Down - January 13, 5:45PM-6:00PM ET",price_change,DOWN,0.27,1081.6,0.32,0.33
2026-01-14 06:50:49,551,"Bitcoin Up or Down - January 13, 5:45PM-6:00PM ET",price_change,DOWN,0.27,966.6,0.32,0.33
2026-01-14 06:50:49,551,"Bitcoin Up or Down - January 13, 5:45PM-6:00PM ET",price_change,UP,0.67,3.32,0.67,0.68
2026-01-14 06:50:50,550,"Bitcoin Up or Down - January 13, 5:45PM-6:00PM ET",price_change,DOWN,0.27,966.6,0.33,0.34
2026-01-14 06:50:50,550,"Bitcoin Up or Down - January 13, 5:45PM-6:00PM ET",price_change,UP,0.66,2241.9,0.66,0.67
2026-01-14 06:50:51,549,"Bitcoin Up or Down - January 13, 5:45PM-6:00PM ET",price_change,DOWN,0.27,966.6,0.33,0.34
2026-01-14 06:50:51,549,"Bitcoin Up or Down - January 13, 5:45PM-6:00PM ET",price_change,UP,0.62,780,0.66,0.67
2026-01-14 06:50:52,548,"Bitcoin Up or Down - January 13, 5:45PM-6:00PM ET",price_change,DOWN,0.27,966.6,0.33,0.34
2026-01-14 06:50:52,548,"Bitcoin Up or Down - January 13, 5:45PM-6:00PM ET",price_change,UP,0.57,885,0.66,0.67
2026-01-14 06:50:53,547,"Bitcoin Up or Down - January 13, 5:45PM-6:00PM ET",price_change,UP,0.64,43,0.66,0.67
2026-01-14 06:50:53,547,"Bitcoin Up or Down - January 13, 5:45PM-6:00PM ET",price_change,DOWN,0.33,1304,0.33,0.34
2026-01-14 06:50:54,546,"Bitcoin Up or Down - January 13, 5:45PM-6:00PM ET",price_change,UP,0.66,446.6,0.66,0.67
2026-01-14 06:50:54,546,"Bitcoin Up or Down - January 13, 5:45PM-6:00PM ET",price_change,DOWN,0.3,1032.2,0.33,0.34
2026-01-14 06:50:55,545,"Bitcoin Up or Down - January 13, 5:45PM-6:00PM ET",price_change,DOWN,0.3,996.09,0.34,0.35
2026-01-14 06:50:55,545,"Bitcoin Up or Down - January 13, 5:45PM-6:00PM ET",price_change,UP,0.64,121.5,0.65,0.66
2026-01-14 06:50:56,544,"Bitcoin Up or Down - January 13, 5:45PM-6:00PM ET",price_change,UP,0.54,879.65,0.64,0.65
2026-01-14 06:50:56,544,"Bitcoin Up or Down - January 13, 5:45PM-6:00PM ET",price_change,DOWN,0.35,12.45,0.35,0.36
2026-01-14 06:50:57,543,"Bitcoin Up or Down - January 13, 5:45PM-6:00PM ET",price_change,UP,0.58,820.99,0.64,0.65
2026-01-14 06:50:57,543,"Bitcoin Up or Down - January 13, 5:45PM-6:00PM ET",price_change,DOWN,0.35,2415,0.35,0.36
2026-01-14 06:50:58,542,"Bitcoin Up or Down - January 13, 5:45PM-6:00PM ET",price_change,DOWN,0.35,2244.7,0.39,0.4
2026-01-14 06:50:58,542,"Bitcoin Up or Down - January 13, 5:45PM-6:00PM ET",price_change,UP,0.55,3699.45,0.6,0.61
2026-01-14 06:50:59,541,"Bitcoin Up or Down - January 13, 5:45PM-6:00PM ET",price_change,UP,0.55,2707.83,0.55,0.57
2026-01-14 06:50:59,541,"Bitcoin Up or Down - January 13, 5:45PM-6:00PM ET",price_change,DOWN,0.39,142,0.43,0.45
2026-01-14 06:51:00,540,"Bitcoin Up or Down - January 13, 5:45PM-6:00PM ET",price_change,DOWN,0.34,1921.3,0.4,0.41
2026-01-14 06:51:00,540,"Bitcoin Up or Down - January 13, 5:45PM-6:00PM ET",price_change,UP,0.57,14,0.59,0.6
2026-01-14 06:51:01,539,"Bitcoin Up or Down - January 13, 5:45PM-6:00PM ET",price_change,UP,0.1,5171.78,0.61,0.62
2026-01-14 06:51:01,539,"Bitcoin Up or Down - January 13, 5:45PM-6:00PM ET",price_change,DOWN,0.24,141.02,0.38,0.39
2026-01-14 06:51:02,538,"Bitcoin Up or Down - January 13, 5:45PM-6:00PM ET",price_change,DOWN,0.4,97.77,0.4,0.41
2026-01-14 06:51:02,538,"Bitcoin Up or Down - January 13, 5:45PM-6:00PM ET",price_change,UP,0.59,45.48,0.59,0.6
2026-01-14 06:51:03,537,"Bitcoin Up or Down - January 13, 5:45PM-6:00PM ET",price_change,DOWN,0.38,2002.07,0.41,0.42
2026-01-14 06:51:03,537,"Bitcoin Up or Down - January 13, 5:45PM-6:00PM ET",price_change,UP,0.57,134.49,0.58,0.59
2026-01-14 06:51:04,536,"Bitcoin Up or Down - January 13, 5:45PM-6:00PM ET",price_change,DOWN,0.41,1104.86,0.41,0.43
2026-01-14 06:51:04,536,"Bitcoin Up or Down - January 13, 5:45PM-6:00PM ET",price_change,UP,0.55,2742.83,0.57,0.59
2026-01-14 06:51:04,535,"Bitcoin Up or Down - January 13, 5:45PM-6:00PM ET",price_change,UP,0.51,799,0.55,0.56
2026-01-14 06:51:04,535,"Bitcoin Up or Down - January 13, 5:45PM-6:00PM ET",price_change,DOWN,0.4,1810,0.44,0.45
2026-01-14 06:51:04,535,"Bitcoin Up or Down - January 13, 5:45PM-6:00PM ET",price_change,UP,0.55,2644.83,0.55,0.56
2026-01-14 06:51:05,535,"Bitcoin Up or Down - January 13, 5:45PM-6:00PM ET",price_change,UP,0.28,766.4,0.55,0.56
2026-01-14 06:51:05,535,"Bitcoin Up or Down - January 13, 5:45PM-6:00PM ET",price_change,DOWN,0.32,702.68,0.44,0.45
2026-01-14 06:51:06,534,"Bitcoin Up or Down - January 13, 5:45PM-6:00PM ET",price_change,DOWN,0.44,62.04,0.44,0.45
2026-01-14 06:51:06,534,"Bitcoin Up or Down - January 13, 5:45PM-6:00PM ET",price_change,UP,0.52,792,0.55,0.56
2026-01-14 06:51:07,533,"Bitcoin Up or Down - January 13, 5:45PM-6:00PM ET",price_change,DOWN,0.42,1441.71,0.44,0.45
2026-01-14 06:51:07,533,"Bitcoin Up or Down - January 13, 5:45PM-6:00PM ET",price_change,UP,0.54,90.14,0.55,0.56
2026-01-14 06:51:08,532,"Bitcoin Up or Down - January 13, 5:45PM-6:00PM ET",price_change,DOWN,0.42,2071.21,0.44,0.45
2026-01-14 06:51:08,532,"Bitcoin Up or Down - January 13, 5:45PM-6:00PM ET",price_change,UP,0.55,2552.15,0.55,0.56
2026-01-14 06:51:09,531,"Bitcoin Up or Down - January 13, 5:45PM-6:00PM ET",price_change,DOWN,0.44,1404.27,0.44,0.45
2026-01-14 06:51:09,531,"Bitcoin Up or Down - January 13, 5:45PM-6:00PM ET",price_change,UP,0.39,865,0.55,0.56
2026-01-14 06:51:10,530,"Bitcoin Up or Down - January 13, 5:45PM-6:00PM ET",price_change,UP,0.49,667.1,0.49,0.51
2026-01-14 06:51:10,530,"Bitcoin Up or Down - January 13, 5:45PM-6:00PM ET",price_change,DOWN,0.48,5,0.49,0.51
2026-01-14 06:51:11,529,"Bitcoin Up or Down - January 13, 5:45PM-6:00PM ET",price_change,DOWN,0.45,1618.35,0.48,0.49
2026-01-14 06:51:11,529,"Bitcoin Up or Down - January 13, 5:45PM-6:00PM ET",price_change,UP,0.51,97.5,0.51,0.52
2026-01-14 06:51:12,528,"Bitcoin Up or Down - January 13, 5:45PM-6:00PM ET",price_change,DOWN,0.48,34.13,0.48,0.49
2026-01-14 06:51:12,528,"Bitcoin Up or Down - January 13, 5:45PM-6:00PM ET",price_change,UP,0.49,691.11,0.51,0.52
2026-01-14 06:51:13,527,"Bitcoin Up or Down - January 13, 5:45PM-6:00PM ET",price_change,UP,0.51,858.21,0.52,0.53
2026-01-14 06:51:13,527,"Bitcoin Up or Down - January 13, 5:45PM-6:00PM ET",price_change,DOWN,0.46,843.69,0.47,0.48
2026-01-14 06:51:14,526,"Bitcoin Up or Down - January 13, 5:45PM-6:00PM ET",price_change,DOWN,0.45,1708.13,0.47,0.48
2026-01-14 06:51:14,526,"Bitcoin Up or Down - January 13, 5:45PM-6:00PM ET",price_change,UP,0.44,866,0.52,0.53
2026-01-14 06:51:15,525,"Bitcoin Up or Down - January 13, 5:45PM-6:00PM ET",price_change,DOWN,0.46,847.69,0.48,0.49
2026-01-14 06:51:15,525,"Bitcoin Up or Down - January 13, 5:45PM-6:00PM ET",price_change,UP,0.5,243,0.51,0.52
2026-01-14 06:51:16,524,"Bitcoin Up or Down - January 13, 5:45PM-6:00PM ET",price_change,UP,0.49,160.5,0.52,0.53
2026-01-14 06:51:16,524,"Bitcoin Up or Down - January 13, 5:45PM-6:00PM ET",price_change,DOWN,0.46,996.19,0.47,0.48
2026-01-14 06:51:17,523,"Bitcoin Up or Down - January 13, 5:45PM-6:00PM ET",price_change,DOWN,0.47,527.2,0.47,0.48
2026-01-14 06:51:17,523,"Bitcoin Up or Down - January 13, 5:45PM-6:00PM ET",price_change,UP,0.48,1007.75,0.52,0.53
2026-01-14 06:51:18,522,"Bitcoin Up or Down - January 13, 5:45PM-6:00PM ET",price_change,DOWN,0.46,977.19,0.47,0.48
2026-01-14 06:51:18,522,"Bitcoin Up or Down - January 13, 5:45PM-6:00PM ET",price_change,UP,0.46,977,0.52,0.53
2026-01-14 06:51:19,521,"Bitcoin Up or Down - January 13, 5:45PM-6:00PM ET",price_change,UP,0.49,97.76,0.49,0.51
2026-01-14 06:51:19,521,"Bitcoin Up or Down - January 13, 5:45PM-6:00PM ET",price_change,DOWN,0.46,1690.19,0.49,0.52
2026-01-14 06:51:20,520,"Bitcoin Up or Down - January 13, 5:45PM-6:00PM ET",price_change,UP,0.46,88,0.46,0.47
