timestamp,left (real time),event,event_type,buy_pick,buy_price,buy_size,buy_best_bid,buy_best_ask
2026-01-13 15:58:16,103,"Bitcoin Up or Down - January 13, 2:45AM-3:00AM ET",price_change,UP,0.89,474.29,0.89,0.9
2026-01-13 15:58:16,103,"Bitcoin Up or Down - January 13, 2:45AM-3:00AM ET",price_change,DOWN,0.06,2582.3,0.1,0.11
2026-01-13 15:58:16,102,"Bitcoin Up or Down - January 13, 2:45AM-3:00AM ET",price_change,UP,0.54,765.2,0.89,0.9
2026-01-13 15:58:16,102,"Bitcoin Up or Down - January 13, 2:45AM-3:00AM ET",price_change,DOWN,0.05,3638.9,0.1,0.11
2026-01-13 15:58:17,101,"Bitcoin Up or Down - January 13, 2:45AM-3:00AM ET",price_change,UP,0.58,1026.3,0.89,0.9
2026-01-13 15:58:17,101,"Bitcoin Up or Down - January 13, 2:45AM-3:00AM ET",price_change,DOWN,0.1,1039.57,0.1,0.11
2026-01-13 15:58:18,100,"Bitcoin Up or Down - January 13, 2:45AM-3:00AM ET",price_change,DOWN,0.1,934.2,0.1,0.11
2026-01-13 15:58:19,100,"Bitcoin Up or Down - January 13, 2:45AM-3:00AM ET",price_change,UP,0.83,1033,0.89,0.9
2026-01-13 15:58:19,99,"Bitcoin Up or Down - January 13, 2:45AM-3:00AM ET",price_change,DOWN,0.06,2543.3,0.1,0.11
2026-01-13 15:58:19,99,"Bitcoin Up or Down - January 13, 2:45AM-3:00AM ET",price_change,UP,0.87,1136.18,0.89,0.9
2026-01-13 15:58:20,98,"Bitcoin Up or Down - January 13, 2:45AM-3:00AM ET",price_change,DOWN,0.09,1329.01,0.1,0.11
2026-01-13 15:58:20,98,"Bitcoin Up or Down - January 13, 2:45AM-3:00AM ET",price_change,UP,0.79,775,0.89,0.9
2026-01-13 15:58:21,97,"Bitcoin Up or Down - January 13, 2:45AM-3:00AM ET",price_change,DOWN,0.1,546.67,0.1,0.11
2026-01-13 15:58:22,97,"Bitcoin Up or Down - January 13, 2:45AM-3:00AM ET",price_change,UP,0.83,1033,0.89,0.9
2026-01-13 15:58:22,96,"Bitcoin Up or Down - January 13, 2:45AM-3:00AM ET",price_change,DOWN,0.1,528.38,0.1,0.11
2026-01-13 15:58:22,96,"Bitcoin Up or Down - January 13, 2:45AM-3:00AM ET",price_change,UP,0.89,296.31,0.89,0.9
2026-01-13 15:58:23,95,"Bitcoin Up or Down - January 13, 2:45AM-3:00AM ET",price_change,UP,0.67,765.9,0.89,0.9
2026-01-13 15:58:24,95,"Bitcoin Up or Down - January 13, 2:45AM-3:00AM ET",price_change,DOWN,0.06,2709.96,0.1,0.11
2026-01-13 15:58:24,94,"Bitcoin Up or Down - January 13, 2:45AM-3:00AM ET",price_change,UP,0.89,360.11,0.89,0.9
2026-01-13 15:58:24,94,"Bitcoin Up or Down - January 13, 2:45AM-3:00AM ET",price_change,DOWN,0.1,487.14,0.1,0.11
2026-01-13 15:58:25,93,"Bitcoin Up or Down - January 13, 2:45AM-3:00AM ET",price_change,UP,0.85,371,0.88,0.9
2026-01-13 15:58:25,93,"Bitcoin Up or Down - January 13, 2:45AM-3:00AM ET",price_change,DOWN,0.09,559.61,0.09,0.12
2026-01-13 15:58:26,92,"Bitcoin Up or Down - January 13, 2:45AM-3:00AM ET",price_change,UP,0.78,2061.69,0.9,0.91
2026-01-13 15:58:26,92,"Bitcoin Up or Down - January 13, 2:45AM-3:00AM ET",price_change,DOWN,0.09,521.01,0.09,0.1
2026-01-13 15:58:27,91,"Bitcoin Up or Down - January 13, 2:45AM-3:00AM ET",price_change,UP,0.88,543.95,0.9,0.91
2026-01-13 15:58:27,91,"Bitcoin Up or Down - January 13, 2:45AM-3:00AM ET",price_change,DOWN,0.05,2583.4,0.09,0.1
2026-01-13 15:58:28,90,"Bitcoin Up or Down - January 13, 2:45AM-3:00AM ET",price_change,UP,0.9,925.66,0.9,0.91
2026-01-13 15:58:28,90,"Bitcoin Up or Down - January 13, 2:45AM-3:00AM ET",price_change,DOWN,0.04,3256.39,0.09,0.1
2026-01-13 15:58:29,89,"Bitcoin Up or Down - January 13, 2:45AM-3:00AM ET",price_change,UP,0.66,865.8,0.9,0.91
2026-01-13 15:58:29,89,"Bitcoin Up or Down - January 13, 2:45AM-3:00AM ET",price_change,DOWN,0.06,2724.96,0.09,0.1
2026-01-13 15:58:30,88,"Bitcoin Up or Down - January 13, 2:45AM-3:00AM ET",price_change,UP,0.9,870.58,0.91,0.92
2026-01-13 15:58:30,88,"Bitcoin Up or Down - January 13, 2:45AM-3:00AM ET",price_change,DOWN,0.08,1029.2,0.08,0.09
2026-01-13 15:58:31,87,"Bitcoin Up or Down - January 13, 2:45AM-3:00AM ET",price_change,DOWN,0.08,294.67,0.08,0.09
2026-01-13 15:58:31,87,"Bitcoin Up or Down - January 13, 2:45AM-3:00AM ET",price_change,UP,0.82,45.27,0.91,0.92
2026-01-13 15:58:32,86,"Bitcoin Up or Down - January 13, 2:45AM-3:00AM ET",price_change,UP,0.79,800,0.91,0.93
2026-01-13 15:58:32,86,"Bitcoin Up or Down - January 13, 2:45AM-3:00AM ET",price_change,DOWN,0.07,1563.84,0.07,0.08
2026-01-13 15:58:33,85,"Bitcoin Up or Down - January 13, 2:45AM-3:00AM ET",price_change,UP,0.88,610.52,0.92,0.93
2026-01-13 15:58:33,85,"Bitcoin Up or Down - January 13, 2:45AM-3:00AM ET",price_change,DOWN,0.07,1628.9,0.07,0.08
2026-01-13 15:58:34,84,"Bitcoin Up or Down - January 13, 2:45AM-3:00AM ET",price_change,DOWN,0.07,1373.41,0.07,0.08
2026-01-13 15:58:34,84,"Bitcoin Up or Down - January 13, 2:45AM-3:00AM ET",price_change,UP,0.92,15.99,0.92,0.93
2026-01-13 15:58:35,83,"Bitcoin Up or Down - January 13, 2:45AM-3:00AM ET",price_change,UP,0.88,610.52,0.92,0.93
2026-01-13 15:58:35,83,"Bitcoin Up or Down - January 13, 2:45AM-3:00AM ET",price_change,DOWN,0.03,5955.03,0.07,0.08
2026-01-13 15:58:36,82,"Bitcoin Up or Down - January 13, 2:45AM-3:00AM ET",price_change,DOWN,0.04,3256.39,0.08,0.09
2026-01-13 15:58:36,82,"Bitcoin Up or Down - January 13, 2:45AM-3:00AM ET",price_change,UP,0.88,610.52,0.91,0.92
2026-01-13 15:58:37,81,"Bitcoin Up or Down - January 13, 2:45AM-3:00AM ET",price_change,DOWN,0.07,1345.19,0.07,0.09
2026-01-13 15:58:37,81,"Bitcoin Up or Down - January 13, 2:45AM-3:00AM ET",price_change,UP,0.7,2921.91,0.91,0.93
2026-01-13 15:58:38,80,"Bitcoin Up or Down - January 13, 2:45AM-3:00AM ET",price_change,DOWN,0.04,3236.39,0.07,0.09
2026-01-13 15:58:38,80,"Bitcoin Up or Down - January 13, 2:45AM-3:00AM ET",price_change,UP,0.75,855.33,0.91,0.93
2026-01-13 15:58:39,79,"Bitcoin Up or Down - January 13, 2:45AM-3:00AM ET",price_change,UP,0.9,1131.81,0.91,0.92
2026-01-13 15:58:39,79,"Bitcoin Up or Down - January 13, 2:45AM-3:00AM ET",price_change,DOWN,0.04,3623.39,0.08,0.09
2026-01-13 15:58:40,78,"Bitcoin Up or Down - January 13, 2:45AM-3:00AM ET",price_change,UP,0.71,779.71,0.9,0.92
2026-01-13 15:58:40,78,"Bitcoin Up or Down - January 13, 2:45AM-3:00AM ET",price_change,DOWN,0.04,3526.39,0.08,0.1
2026-01-13 15:58:41,77,"Bitcoin Up or Down - January 13, 2:45AM-3:00AM ET",price_change,UP,0.89,25,0.91,0.92
2026-01-13 15:58:41,77,"Bitcoin Up or Down - January 13, 2:45AM-3:00AM ET",price_change,DOWN,0.07,1007.84,0.08,0.09
2026-01-13 15:58:42,76,"Bitcoin Up or Down - January 13, 2:45AM-3:00AM ET",price_change,UP,0.91,1091,0.91,0.92
2026-01-13 15:58:42,76,"Bitcoin Up or Down - January 13, 2:45AM-3:00AM ET",price_change,DOWN,0.07,942.31,0.08,0.09
2026-01-13 15:58:43,75,"Bitcoin Up or Down - January 13, 2:45AM-3:00AM ET",price_change,DOWN,0.04,3618.39,0.08,0.09
2026-01-13 15:58:43,75,"Bitcoin Up or Down - January 13, 2:45AM-3:00AM ET",price_change,UP,0.91,879.88,0.91,0.92
2026-01-13 15:58:44,74,"Bitcoin Up or Down - January 13, 2:45AM-3:00AM ET",price_change,DOWN,0.04,3501.39,0.08,0.09
2026-01-13 15:58:44,74,"Bitcoin Up or Down - January 13, 2:45AM-3:00AM ET",price_change,UP,0.82,45.27,0.91,0.92
2026-01-13 15:58:45,73,"Bitcoin Up or Down - January 13, 2:45AM-3:00AM ET",price_change,DOWN,0.02,22615.49,0.07,0.09
2026-01-13 15:58:46,73,"Bitcoin Up or Down - January 13, 2:45AM-3:00AM ET",price_change,UP,0.81,286,0.91,0.93
2026-01-13 15:58:46,72,"Bitcoin Up or Down - January 13, 2:45AM-3:00AM ET",price_change,DOWN,0.03,5940.03,0.07,0.09
2026-01-13 15:58:46,72,"Bitcoin Up or Down - January 13, 2:45AM-3:00AM ET",price_change,UP,0.91,776.36,0.91,0.93
2026-01-13 15:58:47,71,"Bitcoin Up or Down - January 13, 2:45AM-3:00AM ET",price_change,DOWN,0.04,3623.39,0.07,0.09
2026-01-13 15:58:47,71,"Bitcoin Up or Down - January 13, 2:45AM-3:00AM ET",price_change,UP,0.91,841.36,0.91,0.93
2026-01-13 15:58:48,70,"Bitcoin Up or Down - January 13, 2:45AM-3:00AM ET",price_change,UP,0.81,1276,0.93,0.94
2026-01-13 15:58:48,70,"Bitcoin Up or Down - January 13, 2:45AM-3:00AM ET",price_change,DOWN,0.06,1674.65,0.06,0.07
2026-01-13 15:58:49,69,"Bitcoin Up or Down - January 13, 2:45AM-3:00AM ET",price_change,UP,0.74,1014.68,0.93,0.94
2026-01-13 15:58:49,69,"Bitcoin Up or Down - January 13, 2:45AM-3:00AM ET",price_change,DOWN,0.01,19729.63,0.06,0.07
2026-01-13 15:58:50,68,"Bitcoin Up or Down - January 13, 2:45AM-3:00AM ET",price_change,UP,0.81,1396,0.93,0.94
2026-01-13 15:58:50,68,"Bitcoin Up or Down - January 13, 2:45AM-3:00AM ET",price_change,DOWN,0.04,2306.39,0.06,0.07
2026-01-13 15:58:51,67,"Bitcoin Up or Down - January 13, 2:45AM-3:00AM ET",price_change,DOWN,0.06,1677.79,0.06,0.07
2026-01-13 15:58:51,67,"Bitcoin Up or Down - January 13, 2:45AM-3:00AM ET",price_change,UP,0.91,894.36,0.93,0.94
2026-01-13 15:58:52,66,"Bitcoin Up or Down - January 13, 2:45AM-3:00AM ET",price_change,UP,0.93,138.8,0.93,0.94
2026-01-13 15:58:53,66,"Bitcoin Up or Down - January 13, 2:45AM-3:00AM ET",price_change,DOWN,0.01,19202.63,0.06,0.07
2026-01-13 15:58:53,65,"Bitcoin Up or Down - January 13, 2:45AM-3:00AM ET",price_change,UP,0.91,928.36,0.93,0.94
2026-01-13 15:58:54,65,"Bitcoin Up or Down - January 13, 2:45AM-3:00AM ET",price_change,DOWN,0.06,1414.54,0.06,0.07
2026-01-13 15:58:54,64,"Bitcoin Up or Down - January 13, 2:45AM-3:00AM ET",price_change,UP,0.9,602.58,0.94,0.95
2026-01-13 15:58:54,64,"Bitcoin Up or Down - January 13, 2:45AM-3:00AM ET",price_change,DOWN,0.04,2288.39,0.05,0.06
2026-01-13 15:58:55,63,"Bitcoin Up or Down - January 13, 2:45AM-3:00AM ET",price_change,UP,0.94,32.8,0.94,0.95
2026-01-13 15:58:55,63,"Bitcoin Up or Down - January 13, 2:45AM-3:00AM ET",price_change,DOWN,0.04,2276.39,0.05,0.06
2026-01-13 15:58:56,62,"Bitcoin Up or Down - January 13, 2:45AM-3:00AM ET",price_change,UP,0.85,411,0.93,0.95
2026-01-13 15:58:56,62,"Bitcoin Up or Down - January 13, 2:45AM-3:00AM ET",price_change,DOWN,0.03,3115.02,0.05,0.07
2026-01-13 15:58:58,61,"Bitcoin Up or Down - January 13, 2:45AM-3:00AM ET",price_change,UP,0.85,337,0.93,0.94
2026-01-13 15:58:58,61,"Bitcoin Up or Down - January 13, 2:45AM-3:00AM ET",price_change,DOWN,0.01,19227.63,0.06,0.07
2026-01-13 15:58:58,60,"Bitcoin Up or Down - January 13, 2:45AM-3:00AM ET",price_change,UP,0.9,670.58,0.93,0.95
2026-01-13 15:58:58,60,"Bitcoin Up or Down - January 13, 2:45AM-3:00AM ET",price_change,DOWN,0.06,100,0.06,0.07
2026-01-13 15:58:59,59,"Bitcoin Up or Down - January 13, 2:45AM-3:00AM ET",price_change,UP,0.86,379,0.93,0.94
2026-01-13 15:58:59,59,"Bitcoin Up or Down - January 13, 2:45AM-3:00AM ET",price_change,DOWN,0.01,19278.63,0.06,0.07
2026-01-13 15:59:00,58,"Bitcoin Up or Down - January 13, 2:45AM-3:00AM ET",price_change,DOWN,0.01,19372.63,0.06,0.07
2026-01-13 15:59:00,58,"Bitcoin Up or Down - January 13, 2:45AM-3:00AM ET",price_change,UP,0.92,3.99,0.92,0.94
2026-01-13 15:59:01,57,"Bitcoin Up or Down - January 13, 2:45AM-3:00AM ET",price_change,DOWN,0.06,354,0.06,0.07
2026-01-13 15:59:01,57,"Bitcoin Up or Down - January 13, 2:45AM-3:00AM ET",price_change,UP,0.89,58,0.93,0.94
2026-01-13 15:59:02,56,"Bitcoin Up or Down - January 13, 2:45AM-3:00AM ET",price_change,UP,0.93,627.85,0.93,0.94
2026-01-13 15:59:02,56,"Bitcoin Up or Down - January 13, 2:45AM-3:00AM ET",price_change,DOWN,0.06,13.27,0.06,0.07
2026-01-13 15:59:03,55,"Bitcoin Up or Down - January 13, 2:45AM-3:00AM ET",price_change,UP,0.93,220.41,0.93,0.94
2026-01-13 15:59:03,55,"Bitcoin Up or Down - January 13, 2:45AM-3:00AM ET",price_change,DOWN,0.05,1126.21,0.05,0.07
2026-01-13 15:59:04,54,"Bitcoin Up or Down - January 13, 2:45AM-3:00AM ET",price_change,UP,0.04,5143.47,0.94,0.96
2026-01-13 15:59:04,54,"Bitcoin Up or Down - January 13, 2:45AM-3:00AM ET",price_change,DOWN,0.01,19252.63,0.04,0.06
2026-01-13 15:59:05,53,"Bitcoin Up or Down - January 13, 2:45AM-3:00AM ET",price_change,DOWN,0.04,1229.01,0.04,0.06
2026-01-13 15:59:06,53,"Bitcoin Up or Down - January 13, 2:45AM-3:00AM ET",price_change,UP,0.88,590.52,0.94,0.95
2026-01-13 15:59:06,52,"Bitcoin Up or Down - January 13, 2:45AM-3:00AM ET",price_change,UP,0.94,1140,0.94,0.96
2026-01-13 15:59:07,52,"Bitcoin Up or Down - January 13, 2:45AM-3:00AM ET",price_change,DOWN,0.01,18279.63,0.04,0.06
2026-01-13 15:59:07,51,"Bitcoin Up or Down - January 13, 2:45AM-3:00AM ET",price_change,UP,0.03,6811.55,0.94,0.96
2026-01-13 15:59:07,51,"Bitcoin Up or Down - January 13, 2:45AM-3:00AM ET",price_change,DOWN,0.05,5,0.05,0.06
2026-01-13 15:59:08,50,"Bitcoin Up or Down - January 13, 2:45AM-3:00AM ET",price_change,UP,0.94,1190.38,0.94,0.96
2026-01-13 15:59:09,50,"Bitcoin Up or Down - January 13, 2:45AM-3:00AM ET",price_change,DOWN,0.04,1080.68,0.04,0.06
2026-01-13 15:59:09,49,"Bitcoin Up or Down - January 13, 2:45AM-3:00AM ET",price_change,DOWN,0.01,18133.63,0.04,0.06
2026-01-13 15:59:10,49,"Bitcoin Up or Down - January 13, 2:45AM-3:00AM ET",price_change,UP,0.94,1260.72,0.94,0.95
2026-01-13 15:59:10,48,"Bitcoin Up or Down - January 13, 2:45AM-3:00AM ET",price_change,DOWN,0.03,3356.68,0.04,0.06
2026-01-13 15:59:10,48,"Bitcoin Up or Down - January 13, 2:45AM-3:00AM ET",price_change,UP,0.82,200.27,0.94,0.96
2026-01-13 15:59:11,47,"Bitcoin Up or Down - January 13, 2:45AM-3:00AM ET",price_change,UP,0.94,1247.72,0.94,0.96
2026-01-13 15:59:11,47,"Bitcoin Up or Down - January 13, 2:45AM-3:00AM ET",price_change,DOWN,0.01,18128.63,0.04,0.06
2026-01-13 15:59:12,46,"Bitcoin Up or Down - January 13, 2:45AM-3:00AM ET",price_change,DOWN,0.01,18128.63,0.04,0.06
2026-01-13 15:59:13,46,"Bitcoin Up or Down - January 13, 2:45AM-3:00AM ET",price_change,UP,0.94,1150.26,0.94,0.96
2026-01-13 15:59:13,45,"Bitcoin Up or Down - January 13, 2:45AM-3:00AM ET",price_change,UP,0.94,103.33,0.94,0.95
2026-01-13 15:59:13,45,"Bitcoin Up or Down - January 13, 2:45AM-3:00AM ET",price_change,DOWN,0.04,750.4,0.05,0.06
2026-01-13 15:59:14,44,"Bitcoin Up or Down - January 13, 2:45AM-3:00AM ET",price_change,DOWN,0.05,430.98,0.05,0.07
2026-01-13 15:59:14,44,"Bitcoin Up or Down - January 13, 2:45AM-3:00AM ET",price_change,UP,0.89,73,0.93,0.95
2026-01-13 15:59:15,43,"Bitcoin Up or Down - January 13, 2:45AM-3:00AM ET",price_change,DOWN,0.01,18109.63,0.05,0.07
2026-01-13 15:59:16,43,"Bitcoin Up or Down - January 13, 2:45AM-3:00AM ET",price_change,UP,0.93,45.74,0.93,0.95
2026-01-13 15:59:16,42,"Bitcoin Up or Down - January 13, 2:45AM-3:00AM ET",price_change,UP,0.89,73,0.94,0.95
2026-01-13 15:59:16,42,"Bitcoin Up or Down - January 13, 2:45AM-3:00AM ET",price_change,DOWN,0.01,18629.27,0.05,0.06
2026-01-13 15:59:17,41,"Bitcoin Up or Down - January 13, 2:45AM-3:00AM ET",price_change,UP,0.93,39.34,0.95,0.96
2026-01-13 15:59:17,41,"Bitcoin Up or Down - January 13, 2:45AM-3:00AM ET",price_change,DOWN,0.03,3332.68,0.04,0.05
2026-01-13 15:59:18,40,"Bitcoin Up or Down - January 13, 2:45AM-3:00AM ET",price_change,DOWN,0.03,3360.68,0.04,0.05
2026-01-13 15:59:18,40,"Bitcoin Up or Down - January 13, 2:45AM-3:00AM ET",price_change,UP,0.87,1130.88,0.95,0.96
2026-01-13 15:59:19,39,"Bitcoin Up or Down - January 13, 2:45AM-3:00AM ET",price_change,DOWN,0.01,18653.27,0.04,0.05
2026-01-13 15:59:19,39,"Bitcoin Up or Down - January 13, 2:45AM-3:00AM ET",price_change,UP,0.95,166.56,0.95,0.96
2026-01-13 15:59:20,38,"Bitcoin Up or Down - January 13, 2:45AM-3:00AM ET",price_change,DOWN,0.01,18620.27,0.05,0.06
2026-01-13 15:59:20,38,"Bitcoin Up or Down - January 13, 2:45AM-3:00AM ET",price_change,UP,0.93,91.74,0.94,0.95
2026-01-13 15:59:21,37,"Bitcoin Up or Down - January 13, 2:45AM-3:00AM ET",price_change,DOWN,0.01,18660.27,0.05,0.06
2026-01-13 15:59:21,37,"Bitcoin Up or Down - January 13, 2:45AM-3:00AM ET",price_change,UP,0.94,148.6,0.94,0.95
2026-01-13 15:59:22,36,"Bitcoin Up or Down - January 13, 2:45AM-3:00AM ET",price_change,UP,0.9,574.58,0.94,0.95
2026-01-13 15:59:23,36,"Bitcoin Up or Down - January 13, 2:45AM-3:00AM ET",price_change,DOWN,0.01,18638.27,0.05,0.06
2026-01-13 15:59:23,35,"Bitcoin Up or Down - January 13, 2:45AM-3:00AM ET",price_change,DOWN,0.04,642.27,0.05,0.06
2026-01-13 15:59:23,35,"Bitcoin Up or Down - January 13, 2:45AM-3:00AM ET",price_change,UP,0.94,152,0.94,0.95
2026-01-13 15:59:24,34,"Bitcoin Up or Down - January 13, 2:45AM-3:00AM ET",price_change,UP,0.84,261,0.94,0.95
2026-01-13 15:59:25,34,"Bitcoin Up or Down - January 13, 2:45AM-3:00AM ET",price_change,DOWN,0.05,105.51,0.05,0.06
2026-01-13 15:59:25,33,"Bitcoin Up or Down - January 13, 2:45AM-3:00AM ET",price_change,UP,0.86,795,0.94,0.95
2026-01-13 15:59:26,33,"Bitcoin Up or Down - January 13, 2:45AM-3:00AM ET",price_change,DOWN,0.01,17889.27,0.05,0.06
2026-01-13 15:59:26,32,"Bitcoin Up or Down - January 13, 2:45AM-3:00AM ET",price_change,UP,0.94,25,0.94,0.96
2026-01-13 15:59:26,32,"Bitcoin Up or Down - January 13, 2:45AM-3:00AM ET",price_change,DOWN,0.01,17876.27,0.04,0.06
2026-01-13 15:59:27,31,"Bitcoin Up or Down - January 13, 2:45AM-3:00AM ET",price_change,UP,0.94,25,0.94,0.95
2026-01-13 15:59:28,31,"Bitcoin Up or Down - January 13, 2:45AM-3:00AM ET",price_change,DOWN,0.04,693.27,0.05,0.06
2026-01-13 15:59:28,30,"Bitcoin Up or Down - January 13, 2:45AM-3:00AM ET",price_change,UP,0.88,495.52,0.93,0.95
2026-01-13 15:59:28,30,"Bitcoin Up or Down - January 13, 2:45AM-3:00AM ET",price_change,DOWN,0.03,2211.02,0.05,0.07
2026-01-13 15:59:29,29,"Bitcoin Up or Down - January 13, 2:45AM-3:00AM ET",price_change,UP,0.91,780.04,0.92,0.95
2026-01-13 15:59:29,29,"Bitcoin Up or Down - January 13, 2:45AM-3:00AM ET",price_change,DOWN,0.05,8,0.05,0.08
2026-01-13 15:59:30,28,"Bitcoin Up or Down - January 13, 2:45AM-3:00AM ET",price_change,UP,0.92,0,0.91,0.94
2026-01-13 15:59:30,28,"Bitcoin Up or Down - January 13, 2:45AM-3:00AM ET",price_change,DOWN,0.01,17700.67,0.06,0.09
2026-01-13 15:59:31,27,"Bitcoin Up or Down - January 13, 2:45AM-3:00AM ET",price_change,DOWN,0.08,0,0.05,0.09
2026-01-13 15:59:31,27,"Bitcoin Up or Down - January 13, 2:45AM-3:00AM ET",price_change,UP,0.82,800.27,0.91,0.92
2026-01-13 15:59:32,26,"Bitcoin Up or Down - January 13, 2:45AM-3:00AM ET",price_change,UP,0.52,765,0.93,0.96
2026-01-13 15:59:33,26,"Bitcoin Up or Down - January 13, 2:45AM-3:00AM ET",price_change,DOWN,0.04,426.24,0.04,0.07
2026-01-13 15:59:33,25,"Bitcoin Up or Down - January 13, 2:45AM-3:00AM ET",price_change,DOWN,0.02,18801.68,0.04,0.07
2026-01-13 15:59:33,25,"Bitcoin Up or Down - January 13, 2:45AM-3:00AM ET",price_change,UP,0.83,1006,0.93,0.96
2026-01-13 15:59:35,24,"Bitcoin Up or Down - January 13, 2:45AM-3:00AM ET",price_change,UP,0.9,443.74,0.9,0.97
2026-01-13 15:59:35,24,"Bitcoin Up or Down - January 13, 2:45AM-3:00AM ET",price_change,DOWN,0.03,958.61,0.03,0.07
2026-01-13 15:59:35,23,"Bitcoin Up or Down - January 13, 2:45AM-3:00AM ET",price_change,UP,0.92,44,0.93,0.96
2026-01-13 15:59:35,23,"Bitcoin Up or Down - January 13, 2:45AM-3:00AM ET",price_change,DOWN,0.04,29.2,0.04,0.07
2026-01-13 15:59:36,22,"Bitcoin Up or Down - January 13, 2:45AM-3:00AM ET",price_change,UP,0.9,36.05,0.9,0.92
2026-01-13 15:59:36,22,"Bitcoin Up or Down - January 13, 2:45AM-3:00AM ET",price_change,DOWN,0.05,27.94,0.08,0.1
2026-01-13 15:59:37,21,"Bitcoin Up or Down - January 13, 2:45AM-3:00AM ET",price_change,UP,0.8,68.88,0.85,0.86
2026-01-13 15:59:37,21,"Bitcoin Up or Down - January 13, 2:45AM-3:00AM ET",price_change,DOWN,0.14,5,0.14,0.15
2026-01-13 15:59:38,20,"Bitcoin Up or Down - January 13, 2:45AM-3:00AM ET",price_change,UP,0.83,47.66,0.83,0.85
2026-01-13 15:59:38,20,"Bitcoin Up or Down - January 13, 2:45AM-3:00AM ET",price_change,DOWN,0.14,12,0.15,0.18
2026-01-13 15:59:39,19,"Bitcoin Up or Down - January 13, 2:45AM-3:00AM ET",price_change,DOWN,0.15,24,0.16,0.17
2026-01-13 15:59:39,19,"Bitcoin Up or Down - January 13, 2:45AM-3:00AM ET",price_change,UP,0.83,0,0.82,0.84
2026-01-13 15:59:40,18,"Bitcoin Up or Down - January 13, 2:45AM-3:00AM ET",price_change,DOWN,0.16,707.77,0.16,0.17
2026-01-13 15:59:40,18,"Bitcoin Up or Down - January 13, 2:45AM-3:00AM ET",price_change,UP,0.7,2962.91,0.83,0.84
2026-01-13 15:59:41,17,"Bitcoin Up or Down - January 13, 2:45AM-3:00AM ET",price_change,UP,0.78,6,0.8,0.82
2026-01-13 15:59:41,17,"Bitcoin Up or Down - January 13, 2:45AM-3:00AM ET",price_change,DOWN,0.18,13,0.18,0.2
2026-01-13 15:59:42,16,"Bitcoin Up or Down - January 13, 2:45AM-3:00AM ET",price_change,UP,0.74,31,0.82,0.83
2026-01-13 15:59:42,16,"Bitcoin Up or Down - January 13, 2:45AM-3:00AM ET",price_change,DOWN,0.17,111.27,0.17,0.18
2026-01-13 15:59:43,15,"Bitcoin Up or Down - January 13, 2:45AM-3:00AM ET",price_change,UP,0.74,5,0.82,0.83
2026-01-13 15:59:43,15,"Bitcoin Up or Down - January 13, 2:45AM-3:00AM ET",price_change,DOWN,0.17,44.02,0.17,0.18
2026-01-13 15:59:44,14,"Bitcoin Up or Down - January 13, 2:45AM-3:00AM ET",price_change,DOWN,0.05,71,0.17,0.18
2026-01-13 15:59:44,14,"Bitcoin Up or Down - January 13, 2:45AM-3:00AM ET",price_change,UP,0.82,151.56,0.82,0.83
2026-01-13 15:59:45,13,"Bitcoin Up or Down - January 13, 2:45AM-3:00AM ET",price_change,DOWN,0.14,12,0.16,0.17
2026-01-13 15:59:45,13,"Bitcoin Up or Down - January 13, 2:45AM-3:00AM ET",price_change,UP,0.82,228,0.83,0.84
2026-01-13 15:59:46,12,"Bitcoin Up or Down - January 13, 2:45AM-3:00AM ET",price_change,UP,0.84,68.99,0.84,0.85
2026-01-13 15:59:46,12,"Bitcoin Up or Down - January 13, 2:45AM-3:00AM ET",price_change,DOWN,0.16,0,0.15,0.16
2026-01-13 15:59:47,11,"Bitcoin Up or Down - January 13, 2:45AM-3:00AM ET",price_change,UP,0.85,69,0.86,0.87
2026-01-13 15:59:47,11,"Bitcoin Up or Down - January 13, 2:45AM-3:00AM ET",price_change,DOWN,0.12,38,0.13,0.14
2026-01-13 15:59:48,10,"Bitcoin Up or Down - January 13, 2:45AM-3:00AM ET",price_change,DOWN,0.13,55,0.13,0.14
2026-01-13 15:59:48,10,"Bitcoin Up or Down - January 13, 2:45AM-3:00AM ET",price_change,UP,0.86,23.19,0.86,0.87
2026-01-13 15:59:49,9,"Bitcoin Up or Down - January 13, 2:45AM-3:00AM ET",price_change,UP,0.83,104,0.86,0.87
2026-01-13 15:59:49,9,"Bitcoin Up or Down - January 13, 2:45AM-3:00AM ET",price_change,DOWN,0.1,60,0.13,0.14
2026-01-13 15:59:50,8,"Bitcoin Up or Down - January 13, 2:45AM-3:00AM ET",price_change,UP,0.84,256.44,0.85,0.87
2026-01-13 15:59:50,8,"Bitcoin Up or Down - January 13, 2:45AM-3:00AM ET",price_change,DOWN,0.11,46.39,0.13,0.15
2026-01-13 15:59:51,7,"Bitcoin Up or Down - January 13, 2:45AM-3:00AM ET",price_change,UP,0.88,124,0.9,0.91
2026-01-13 15:59:51,7,"Bitcoin Up or Down - January 13, 2:45AM-3:00AM ET",price_change,DOWN,0.04,114.8,0.09,0.1
2026-01-13 15:59:52,6,"Bitcoin Up or Down - January 13, 2:45AM-3:00AM ET",price_change,UP,0.01,12986.63,0.92,0.93
2026-01-13 15:59:52,6,"Bitcoin Up or Down - January 13, 2:45AM-3:00AM ET",price_change,DOWN,0.07,22.72,0.07,0.08
2026-01-13 15:59:53,5,"Bitcoin Up or Down - January 13, 2:45AM-3:00AM ET",price_change,UP,0.78,35,0.9,0.91
2026-01-13 15:59:53,5,"Bitcoin Up or Down - January 13, 2:45AM-3:00AM ET",price_change,DOWN,0.09,42.89,0.09,0.1
2026-01-13 15:59:54,4,"Bitcoin Up or Down - January 13, 2:45AM-3:00AM ET",price_change,UP,0.94,34.54,0.94,0.98
2026-01-13 15:59:54,4,"Bitcoin Up or Down - January 13, 2:45AM-3:00AM ET",price_change,DOWN,0.02,529.51,0.02,0.03
2026-01-13 15:59:55,3,"Bitcoin Up or Down - January 13, 2:45AM-3:00AM ET",price_change,UP,0.9,41.83,0.9,0.98
2026-01-13 15:59:56,3,"Bitcoin Up or Down - January 13, 2:45AM-3:00AM ET",price_change,DOWN,0.02,384.51,0.02,0.03
2026-01-13 15:59:56,2,"Bitcoin Up or Down - January 13, 2:45AM-3:00AM ET",price_change,UP,0.93,531.99,0.93,0.94
2026-01-13 15:59:56,2,"Bitcoin Up or Down - January 13, 2:45AM-3:00AM ET",price_change,DOWN,0.06,917.52,0.06,0.07
2026-01-13 15:59:57,2,"Bitcoin Up or Down - January 13, 2:45AM-3:00AM ET",price_change,UP,0.97,160.3,0.97,0.98
2026-01-13 15:59:57,1,"Bitcoin Up or Down - January 13, 2:45AM-3:00AM ET",price_change,DOWN,0.02,31.5,0.02,0.03
2026-01-13 15:59:58,0,"Bitcoin Up or Down - January 13, 2:45AM-3:00AM ET",price_change,UP,0.72,3.14,0.72,0.94
2026-01-13 16:00:00,899,"Bitcoin Up or Down - January 13, 3:00AM-3:15AM ET",price_change,UP,0.47,55,0.47,0.5
2026-01-13 16:00:00,899,"Bitcoin Up or Down - January 13, 3:00AM-3:15AM ET",price_change,DOWN,0.5,447.58,0.5,0.53
2026-01-13 16:00:00,898,"Bitcoin Up or Down - January 13, 3:00AM-3:15AM ET",price_change,DOWN,0.45,950,0.51,0.52
2026-01-13 16:00:01,898,"Bitcoin Up or Down - January 13, 3:00AM-3:15AM ET",price_change,UP,0.41,0,0.48,0.49
2026-01-13 16:00:01,897,"Bitcoin Up or Down - January 13, 3:00AM-3:15AM ET",price_change,DOWN,0.52,150.5,0.52,0.53
2026-01-13 16:00:01,897,"Bitcoin Up or Down - January 13, 3:00AM-3:15AM ET",price_change,UP,0.45,1131.5,0.47,0.48
2026-01-13 16:00:02,896,"Bitcoin Up or Down - January 13, 3:00AM-3:15AM ET",price_change,DOWN,0.02,2446.27,0.52,0.53
2026-01-13 16:00:02,896,"Bitcoin Up or Down - January 13, 3:00AM-3:15AM ET",price_change,UP,0.44,323.6,0.47,0.48
2026-01-13 16:00:03,895,"Bitcoin Up or Down - January 13, 3:00AM-3:15AM ET",price_change,DOWN,0.52,286,0.53,0.54
2026-01-13 16:00:03,895,"Bitcoin Up or Down - January 13, 3:00AM-3:15AM ET",price_change,UP,0.11,28,0.46,0.47
2026-01-13 16:00:04,894,"Bitcoin Up or Down - January 13, 3:00AM-3:15AM ET",price_change,DOWN,0.52,430.84,0.53,0.54
2026-01-13 16:00:04,894,"Bitcoin Up or Down - January 13, 3:00AM-3:15AM ET",price_change,UP,0.46,114.77,0.46,0.47
2026-01-13 16:00:05,893,"Bitcoin Up or Down - January 13, 3:00AM-3:15AM ET",price_change,DOWN,0.41,811.09,0.53,0.54
2026-01-13 16:00:05,893,"Bitcoin Up or Down - January 13, 3:00AM-3:15AM ET",price_change,UP,0.34,767,0.46,0.47
2026-01-13 16:00:06,892,"Bitcoin Up or Down - January 13, 3:00AM-3:15AM ET",price_change,DOWN,0.53,83.5,0.53,0.54
2026-01-13 16:00:06,892,"Bitcoin Up or Down - January 13, 3:00AM-3:15AM ET",price_change,UP,0.44,1163.6,0.46,0.47
2026-01-13 16:00:07,891,"Bitcoin Up or Down - January 13, 3:00AM-3:15AM ET",price_change,DOWN,0.43,810,0.54,0.55
2026-01-13 16:00:07,891,"Bitcoin Up or Down - January 13, 3:00AM-3:15AM ET",price_change,UP,0.31,755,0.45,0.46
2026-01-13 16:00:08,890,"Bitcoin Up or Down - January 13, 3:00AM-3:15AM ET",price_change,UP,0.45,1384.76,0.45,0.46
2026-01-13 16:00:08,890,"Bitcoin Up or Down - January 13, 3:00AM-3:15AM ET",price_change,DOWN,0.53,73.61,0.54,0.55
2026-01-13 16:00:09,889,"Bitcoin Up or Down - January 13, 3:00AM-3:15AM ET",price_change,DOWN,0.54,34,0.54,0.55
2026-01-13 16:00:10,889,"Bitcoin Up or Down - January 13, 3:00AM-3:15AM ET",price_change,UP,0.45,2140.8,0.45,0.46
2026-01-13 16:00:10,888,"Bitcoin Up or Down - January 13, 3:00AM-3:15AM ET",price_change,DOWN,0.2,230,0.53,0.54
2026-01-13 16:00:10,888,"Bitcoin Up or Down - January 13, 3:00AM-3:15AM ET",price_change,UP,0.36,921.67,0.46,0.47
2026-01-13 16:00:11,887,"Bitcoin Up or Down - January 13, 3:00AM-3:15AM ET",price_change,UP,0.48,214,0.48,0.49
2026-01-13 16:00:11,887,"Bitcoin Up or Down - January 13, 3:00AM-3:15AM ET",price_change,DOWN,0.49,309.81,0.51,0.52
2026-01-13 16:00:12,886,"Bitcoin Up or Down - January 13, 3:00AM-3:15AM ET",price_change,DOWN,0.47,582,0.51,0.52
2026-01-13 16:00:12,886,"Bitcoin Up or Down - January 13, 3:00AM-3:15AM ET",price_change,UP,0.47,1503.84,0.48,0.49
2026-01-13 16:00:13,885,"Bitcoin Up or Down - January 13, 3:00AM-3:15AM ET",price_change,DOWN,0.5,654.9,0.5,0.51
2026-01-13 16:00:13,885,"Bitcoin Up or Down - January 13, 3:00AM-3:15AM ET",price_change,UP,0.46,1135.94,0.49,0.5
2026-01-13 16:00:14,884,"Bitcoin Up or Down - January 13, 3:00AM-3:15AM ET",price_change,UP,0.49,867.85,0.5,0.51
2026-01-13 16:00:14,884,"Bitcoin Up or Down - January 13, 3:00AM-3:15AM ET",price_change,DOWN,0.47,253,0.49,0.5
2026-01-13 16:00:15,883,"Bitcoin Up or Down - January 13, 3:00AM-3:15AM ET",price_change,UP,0.45,2031.83,0.5,0.51
2026-01-13 16:00:15,883,"Bitcoin Up or Down - January 13, 3:00AM-3:15AM ET",price_change,DOWN,0.43,1006,0.49,0.5
2026-01-13 16:00:16,882,"Bitcoin Up or Down - January 13, 3:00AM-3:15AM ET",price_change,UP,0.5,1471.12,0.5,0.51
2026-01-13 16:00:16,882,"Bitcoin Up or Down - January 13, 3:00AM-3:15AM ET",price_change,DOWN,0.48,219.06,0.49,0.5
2026-01-13 16:00:17,881,"Bitcoin Up or Down - January 13, 3:00AM-3:15AM ET",price_change,UP,0.48,1844.67,0.51,0.52
2026-01-13 16:00:17,881,"Bitcoin Up or Down - January 13, 3:00AM-3:15AM ET",price_change,DOWN,0.44,1107.53,0.48,0.49
2026-01-13 16:00:18,880,"Bitcoin Up or Down - January 13, 3:00AM-3:15AM ET",price_change,DOWN,0.46,646.05,0.47,0.48
2026-01-13 16:00:18,880,"Bitcoin Up or Down - January 13, 3:00AM-3:15AM ET",price_change,UP,0.52,242,0.52,0.53
2026-01-13 16:00:19,879,"Bitcoin Up or Down - January 13, 3:00AM-3:15AM ET",price_change,DOWN,0.46,359.35,0.46,0.48
2026-01-13 16:00:19,879,"Bitcoin Up or Down - January 13, 3:00AM-3:15AM ET",price_change,UP,0.52,178,0.52,0.54
2026-01-13 16:00:20,878,"Bitcoin Up or Down - January 13, 3:00AM-3:15AM ET",price_change,UP,0.23,5,0.56,0.57
2026-01-13 16:00:20,878,"Bitcoin Up or Down - January 13, 3:00AM-3:15AM ET",price_change,DOWN,0.41,1038.59,0.43,0.44
2026-01-13 16:00:21,877,"Bitcoin Up or Down - January 13, 3:00AM-3:15AM ET",price_change,UP,0.58,203.29,0.58,0.59
2026-01-13 16:00:21,877,"Bitcoin Up or Down - January 13, 3:00AM-3:15AM ET",price_change,DOWN,0.37,1016,0.41,0.42
2026-01-13 16:00:22,876,"Bitcoin Up or Down - January 13, 3:00AM-3:15AM ET",price_change,DOWN,0.4,1073.3,0.41,0.42
2026-01-13 16:00:22,876,"Bitcoin Up or Down - January 13, 3:00AM-3:15AM ET",price_change,UP,0.56,1333,0.58,0.59
2026-01-13 16:00:23,875,"Bitcoin Up or Down - January 13, 3:00AM-3:15AM ET",price_change,UP,0.59,71.68,0.59,0.6
2026-01-13 16:00:23,875,"Bitcoin Up or Down - January 13, 3:00AM-3:15AM ET",price_change,DOWN,0.39,1311.5,0.4,0.41
2026-01-13 16:00:24,874,"Bitcoin Up or Down - January 13, 3:00AM-3:15AM ET",price_change,DOWN,0.39,752,0.39,0.4
2026-01-13 16:00:24,874,"Bitcoin Up or Down - January 13, 3:00AM-3:15AM ET",price_change,UP,0.6,30.16,0.6,0.61
2026-01-13 16:00:25,873,"Bitcoin Up or Down - January 13, 3:00AM-3:15AM ET",price_change,DOWN,0.39,1060.18,0.39,0.4
2026-01-13 16:00:25,873,"Bitcoin Up or Down - January 13, 3:00AM-3:15AM ET",price_change,UP,0.6,879.5,0.6,0.61
2026-01-13 16:00:26,872,"Bitcoin Up or Down - January 13, 3:00AM-3:15AM ET",price_change,UP,0.58,1064.55,0.6,0.61
2026-01-13 16:00:26,872,"Bitcoin Up or Down - January 13, 3:00AM-3:15AM ET",price_change,DOWN,0.39,1024.33,0.39,0.4
2026-01-13 16:00:27,871,"Bitcoin Up or Down - January 13, 3:00AM-3:15AM ET",price_change,UP,0.43,1001,0.6,0.61
2026-01-13 16:00:27,871,"Bitcoin Up or Down - January 13, 3:00AM-3:15AM ET",price_change,DOWN,0.39,964.03,0.39,0.4
2026-01-13 16:00:28,870,"Bitcoin Up or Down - January 13, 3:00AM-3:15AM ET",price_change,DOWN,0.36,1072.66,0.39,0.4
2026-01-13 16:00:28,870,"Bitcoin Up or Down - January 13, 3:00AM-3:15AM ET",price_change,UP,0.59,1139.67,0.6,0.61
2026-01-13 16:00:29,869,"Bitcoin Up or Down - January 13, 3:00AM-3:15AM ET",price_change,UP,0.61,133.43,0.61,0.62
2026-01-13 16:00:29,869,"Bitcoin Up or Down - January 13, 3:00AM-3:15AM ET",price_change,DOWN,0.38,290,0.38,0.39
2026-01-13 16:00:30,868,"Bitcoin Up or Down - January 13, 3:00AM-3:15AM ET",price_change,UP,0.5,1380.12,0.61,0.62
2026-01-13 16:00:30,868,"Bitcoin Up or Down - January 13, 3:00AM-3:15AM ET",price_change,DOWN,0.38,309.66,0.38,0.39
2026-01-13 16:00:31,867,"Bitcoin Up or Down - January 13, 3:00AM-3:15AM ET",price_change,DOWN,0.32,1025.22,0.38,0.39
2026-01-13 16:00:31,867,"Bitcoin Up or Down - January 13, 3:00AM-3:15AM ET",price_change,UP,0.61,927.76,0.61,0.62
2026-01-13 16:00:32,866,"Bitcoin Up or Down - January 13, 3:00AM-3:15AM ET",price_change,UP,0.59,1119.54,0.61,0.62
2026-01-13 16:00:32,866,"Bitcoin Up or Down - January 13, 3:00AM-3:15AM ET",price_change,DOWN,0.33,1142.45,0.38,0.39
2026-01-13 16:00:33,865,"Bitcoin Up or Down - January 13, 3:00AM-3:15AM ET",price_change,DOWN,0.32,1198.72,0.34,0.36
2026-01-13 16:00:33,865,"Bitcoin Up or Down - January 13, 3:00AM-3:15AM ET",price_change,UP,0.64,121,0.64,0.66
2026-01-13 16:00:34,864,"Bitcoin Up or Down - January 13, 3:00AM-3:15AM ET",price_change,DOWN,0.32,1045.22,0.34,0.35
2026-01-13 16:00:34,864,"Bitcoin Up or Down - January 13, 3:00AM-3:15AM ET",price_change,UP,0.65,235,0.65,0.66
2026-01-13 16:00:35,863,"Bitcoin Up or Down - January 13, 3:00AM-3:15AM ET",price_change,DOWN,0.02,7753.97,0.34,0.35
2026-01-13 16:00:35,863,"Bitcoin Up or Down - January 13, 3:00AM-3:15AM ET",price_change,UP,0.45,1131.83,0.65,0.66
2026-01-13 16:00:36,862,"Bitcoin Up or Down - January 13, 3:00AM-3:15AM ET",price_change,DOWN,0.32,1040.22,0.34,0.35
2026-01-13 16:00:36,862,"Bitcoin Up or Down - January 13, 3:00AM-3:15AM ET",price_change,UP,0.65,1186.29,0.65,0.66
2026-01-13 16:00:37,861,"Bitcoin Up or Down - January 13, 3:00AM-3:15AM ET",price_change,DOWN,0.34,104.73,0.34,0.35
2026-01-13 16:00:37,861,"Bitcoin Up or Down - January 13, 3:00AM-3:15AM ET",price_change,UP,0.64,943.07,0.65,0.66
2026-01-13 16:00:38,860,"Bitcoin Up or Down - January 13, 3:00AM-3:15AM ET",price_change,DOWN,0.34,53.76,0.34,0.35
2026-01-13 16:00:38,860,"Bitcoin Up or Down - January 13, 3:00AM-3:15AM ET",price_change,UP,0.65,1901.42,0.65,0.66
2026-01-13 16:00:39,859,"Bitcoin Up or Down - January 13, 3:00AM-3:15AM ET",price_change,UP,0.66,238,0.66,0.67
2026-01-13 16:00:39,859,"Bitcoin Up or Down - January 13, 3:00AM-3:15AM ET",price_change,DOWN,0.32,989.22,0.33,0.34
2026-01-13 16:00:40,858,"Bitcoin Up or Down - January 13, 3:00AM-3:15AM ET",price_change,DOWN,0.03,6184.55,0.33,0.34
2026-01-13 16:00:40,858,"Bitcoin Up or Down - January 13, 3:00AM-3:15AM ET",price_change,UP,0.36,755,0.66,0.67
2026-01-13 16:00:41,857,"Bitcoin Up or Down - January 13, 3:00AM-3:15AM ET",price_change,UP,0.66,65.45,0.66,0.67
2026-01-13 16:00:42,857,"Bitcoin Up or Down - January 13, 3:00AM-3:15AM ET",price_change,DOWN,0.26,1088.09,0.33,0.34
2026-01-13 16:00:42,856,"Bitcoin Up or Down - January 13, 3:00AM-3:15AM ET",price_change,UP,0.64,978.56,0.65,0.66
2026-01-13 16:00:42,856,"Bitcoin Up or Down - January 13, 3:00AM-3:15AM ET",price_change,DOWN,0.34,21.5,0.34,0.35
2026-01-13 16:00:43,855,"Bitcoin Up or Down - January 13, 3:00AM-3:15AM ET",price_change,DOWN,0.34,183.39,0.34,0.35
2026-01-13 16:00:43,855,"Bitcoin Up or Down - January 13, 3:00AM-3:15AM ET",price_change,UP,0.64,240.56,0.65,0.66
2026-01-13 16:00:44,854,"Bitcoin Up or Down - January 13, 3:00AM-3:15AM ET",price_change,UP,0.57,1021.5,0.64,0.65
2026-01-13 16:00:44,854,"Bitcoin Up or Down - January 13, 3:00AM-3:15AM ET",price_change,DOWN,0.34,112.5,0.35,0.36
2026-01-13 16:00:45,853,"Bitcoin Up or Down - January 13, 3:00AM-3:15AM ET",price_change,DOWN,0.35,97.2,0.35,0.36
2026-01-13 16:00:45,853,"Bitcoin Up or Down - January 13, 3:00AM-3:15AM ET",price_change,UP,0.63,1196.09,0.64,0.65
2026-01-13 16:00:46,852,"Bitcoin Up or Down - January 13, 3:00AM-3:15AM ET",price_change,DOWN,0.35,14.77,0.35,0.36
2026-01-13 16:00:46,852,"Bitcoin Up or Down - January 13, 3:00AM-3:15AM ET",price_change,UP,0.64,1273,0.64,0.66
2026-01-13 16:00:47,851,"Bitcoin Up or Down - January 13, 3:00AM-3:15AM ET",price_change,DOWN,0.34,135.81,0.34,0.35
2026-01-13 16:00:47,851,"Bitcoin Up or Down - January 13, 3:00AM-3:15AM ET",price_change,UP,0.51,850,0.65,0.66
2026-01-13 16:00:48,850,"Bitcoin Up or Down - January 13, 3:00AM-3:15AM ET",price_change,DOWN,0.34,177.31,0.34,0.35
2026-01-13 16:00:48,850,"Bitcoin Up or Down - January 13, 3:00AM-3:15AM ET",price_change,UP,0.65,15.5,0.65,0.66
2026-01-13 16:00:49,849,"Bitcoin Up or Down - January 13, 3:00AM-3:15AM ET",price_change,UP,0.63,1045.8,0.65,0.66
2026-01-13 16:00:50,849,"Bitcoin Up or Down - January 13, 3:00AM-3:15AM ET",price_change,DOWN,0.34,79.13,0.34,0.35
2026-01-13 16:00:50,848,"Bitcoin Up or Down - January 13, 3:00AM-3:15AM ET",price_change,UP,0.64,302.5,0.65,0.66
2026-01-13 16:00:50,848,"Bitcoin Up or Down - January 13, 3:00AM-3:15AM ET",price_change,DOWN,0.07,5223.57,0.34,0.35
2026-01-13 16:00:51,847,"Bitcoin Up or Down - January 13, 3:00AM-3:15AM ET",price_change,UP,0.65,211.14,0.65,0.66
2026-01-13 16:00:51,847,"Bitcoin Up or Down - January 13, 3:00AM-3:15AM ET",price_change,DOWN,0.15,23,0.34,0.35
2026-01-13 16:00:52,846,"Bitcoin Up or Down - January 13, 3:00AM-3:15AM ET",price_change,DOWN,0.2,1090,0.34,0.35
2026-01-13 16:00:52,846,"Bitcoin Up or Down - January 13, 3:00AM-3:15AM ET",price_change,UP,0.65,191.5,0.65,0.66
2026-01-13 16:00:53,845,"Bitcoin Up or Down - January 13, 3:00AM-3:15AM ET",price_change,UP,0.65,917.71,0.65,0.66
2026-01-13 16:00:53,845,"Bitcoin Up or Down - January 13, 3:00AM-3:15AM ET",price_change,DOWN,0.32,1260.22,0.34,0.35
2026-01-13 16:00:54,844,"Bitcoin Up or Down - January 13, 3:00AM-3:15AM ET",price_change,DOWN,0.32,1184.22,0.34,0.35
2026-01-13 16:00:54,844,"Bitcoin Up or Down - January 13, 3:00AM-3:15AM ET",price_change,UP,0.65,810.21,0.65,0.66
2026-01-13 16:00:55,843,"Bitcoin Up or Down - January 13, 3:00AM-3:15AM ET",price_change,UP,0.66,35.5,0.66,0.67
2026-01-13 16:00:55,843,"Bitcoin Up or Down - January 13, 3:00AM-3:15AM ET",price_change,DOWN,0.28,1006,0.33,0.34
2026-01-13 16:00:56,842,"Bitcoin Up or Down - January 13, 3:00AM-3:15AM ET",price_change,DOWN,0.14,18,0.34,0.35
2026-01-13 16:00:56,842,"Bitcoin Up or Down - January 13, 3:00AM-3:15AM ET",price_change,UP,0.6,1219.24,0.65,0.66
2026-01-13 16:00:57,841,"Bitcoin Up or Down - January 13, 3:00AM-3:15AM ET",price_change,UP,0.65,125,0.65,0.66
2026-01-13 16:00:57,841,"Bitcoin Up or Down - January 13, 3:00AM-3:15AM ET",price_change,DOWN,0.34,96.95,0.34,0.35
2026-01-13 16:00:58,840,"Bitcoin Up or Down - January 13, 3:00AM-3:15AM ET",price_change,UP,0.62,1183,0.64,0.65
2026-01-13 16:00:58,840,"Bitcoin Up or Down - January 13, 3:00AM-3:15AM ET",price_change,DOWN,0.33,1925.41,0.35,0.36
2026-01-13 16:00:59,839,"Bitcoin Up or Down - January 13, 3:00AM-3:15AM ET",price_change,DOWN,0.25,1106,0.35,0.36
2026-01-13 16:00:59,839,"Bitcoin Up or Down - January 13, 3:00AM-3:15AM ET",price_change,UP,0.58,1126,0.64,0.65
2026-01-13 16:01:00,838,"Bitcoin Up or Down - January 13, 3:00AM-3:15AM ET",price_change,DOWN,0.35,1165.46,0.35,0.36
2026-01-13 16:01:01,838,"Bitcoin Up or Down - January 13, 3:00AM-3:15AM ET",price_change,UP,0.64,146.64,0.64,0.65
2026-01-13 16:01:01,837,"Bitcoin Up or Down - January 13, 3:00AM-3:15AM ET",price_change,UP,0.6,284.5,0.6,0.61
2026-01-13 16:01:01,837,"Bitcoin Up or Down - January 13, 3:00AM-3:15AM ET",price_change,DOWN,0.38,66.46,0.39,0.4
2026-01-13 16:01:02,836,"Bitcoin Up or Down - January 13, 3:00AM-3:15AM ET",price_change,DOWN,0.41,1023.21,0.41,0.42
2026-01-13 16:01:02,836,"Bitcoin Up or Down - January 13, 3:00AM-3:15AM ET",price_change,UP,0.57,1081.53,0.58,0.59
2026-01-13 16:01:03,835,"Bitcoin Up or Down - January 13, 3:00AM-3:15AM ET",price_change,DOWN,0.41,851.93,0.41,0.42
2026-01-13 16:01:03,835,"Bitcoin Up or Down - January 13, 3:00AM-3:15AM ET",price_change,UP,0.43,1006,0.58,0.59
2026-01-13 16:01:04,834,"Bitcoin Up or Down - January 13, 3:00AM-3:15AM ET",price_change,DOWN,0.39,1331,0.41,0.42
2026-01-13 16:01:04,834,"Bitcoin Up or Down - January 13, 3:00AM-3:15AM ET",price_change,UP,0.49,1552.99,0.58,0.59
2026-01-13 16:01:05,833,"Bitcoin Up or Down - January 13, 3:00AM-3:15AM ET",price_change,UP,0.62,36,0.63,0.64
2026-01-13 16:01:05,833,"Bitcoin Up or Down - January 13, 3:00AM-3:15AM ET",price_change,DOWN,0.35,312.13,0.36,0.37
2026-01-13 16:01:06,832,"Bitcoin Up or Down - January 13, 3:00AM-3:15AM ET",price_change,UP,0.63,378.02,0.63,0.64
2026-01-13 16:01:06,832,"Bitcoin Up or Down - January 13, 3:00AM-3:15AM ET",price_change,DOWN,0.31,1205,0.36,0.37
2026-01-13 16:01:07,831,"Bitcoin Up or Down - January 13, 3:00AM-3:15AM ET",price_change,UP,0.64,220.22,0.65,0.66
2026-01-13 16:01:07,831,"Bitcoin Up or Down - January 13, 3:00AM-3:15AM ET",price_change,DOWN,0.33,2286.41,0.34,0.35
2026-01-13 16:01:08,830,"Bitcoin Up or Down - January 13, 3:00AM-3:15AM ET",price_change,UP,0.64,110.02,0.64,0.65
2026-01-13 16:01:08,830,"Bitcoin Up or Down - January 13, 3:00AM-3:15AM ET",price_change,DOWN,0.31,1145,0.35,0.36
2026-01-13 16:01:09,829,"Bitcoin Up or Down - January 13, 3:00AM-3:15AM ET",price_change,DOWN,0.09,5329.11,0.35,0.36
2026-01-13 16:01:09,829,"Bitcoin Up or Down - January 13, 3:00AM-3:15AM ET",price_change,UP,0.49,1567.45,0.64,0.65
2026-01-13 16:01:10,828,"Bitcoin Up or Down - January 13, 3:00AM-3:15AM ET",price_change,DOWN,0.31,1302.5,0.35,0.36
2026-01-13 16:01:10,828,"Bitcoin Up or Down - January 13, 3:00AM-3:15AM ET",price_change,UP,0.64,45.32,0.64,0.65
2026-01-13 16:01:11,827,"Bitcoin Up or Down - January 13, 3:00AM-3:15AM ET",price_change,UP,0.64,6.54,0.64,0.65
2026-01-13 16:01:11,827,"Bitcoin Up or Down - January 13, 3:00AM-3:15AM ET",price_change,DOWN,0.17,857,0.35,0.36
2026-01-13 16:01:12,826,"Bitcoin Up or Down - January 13, 3:00AM-3:15AM ET",price_change,DOWN,0.3,1180.87,0.35,0.36
2026-01-13 16:01:12,826,"Bitcoin Up or Down - January 13, 3:00AM-3:15AM ET",price_change,UP,0.6,788.95,0.64,0.65
2026-01-13 16:01:13,825,"Bitcoin Up or Down - January 13, 3:00AM-3:15AM ET",price_change,DOWN,0.34,3193.66,0.35,0.36
2026-01-13 16:01:13,825,"Bitcoin Up or Down - January 13, 3:00AM-3:15AM ET",price_change,UP,0.64,45.5,0.64,0.65
2026-01-13 16:01:14,824,"Bitcoin Up or Down - January 13, 3:00AM-3:15AM ET",price_change,UP,0.63,189.16,0.64,0.65
2026-01-13 16:01:14,824,"Bitcoin Up or Down - January 13, 3:00AM-3:15AM ET",price_change,DOWN,0.35,1036.17,0.35,0.36
2026-01-13 16:01:15,823,"Bitcoin Up or Down - January 13, 3:00AM-3:15AM ET",price_change,DOWN,0.3,1131.5,0.35,0.36
2026-01-13 16:01:15,823,"Bitcoin Up or Down - January 13, 3:00AM-3:15AM ET",price_change,UP,0.6,798.95,0.64,0.65
2026-01-13 16:01:16,822,"Bitcoin Up or Down - January 13, 3:00AM-3:15AM ET",price_change,UP,0.64,63.5,0.64,0.65
2026-01-13 16:01:16,822,"Bitcoin Up or Down - January 13, 3:00AM-3:15AM ET",price_change,DOWN,0.26,1199,0.35,0.36
2026-01-13 16:01:17,821,"Bitcoin Up or Down - January 13, 3:00AM-3:15AM ET",price_change,DOWN,0.34,3182.66,0.35,0.36
2026-01-13 16:01:17,821,"Bitcoin Up or Down - January 13, 3:00AM-3:15AM ET",price_change,UP,0.62,353,0.64,0.65
2026-01-13 16:01:18,820,"Bitcoin Up or Down - January 13, 3:00AM-3:15AM ET",price_change,DOWN,0.3,1131.5,0.35,0.36
2026-01-13 16:01:18,820,"Bitcoin Up or Down - January 13, 3:00AM-3:15AM ET",price_change,UP,0.6,778.95,0.64,0.65
2026-01-13 16:01:19,819,"Bitcoin Up or Down - January 13, 3:00AM-3:15AM ET",price_change,UP,0.64,114.05,0.64,0.65
2026-01-13 16:01:19,819,"Bitcoin Up or Down - January 13, 3:00AM-3:15AM ET",price_change,DOWN,0.3,1131.5,0.35,0.36
2026-01-13 16:01:20,818,"Bitcoin Up or Down - January 13, 3:00AM-3:15AM ET",price_change,UP,0.64,99,0.64,0.65
2026-01-13 16:01:21,818,"Bitcoin Up or Down - January 13, 3:00AM-3:15AM ET",price_change,DOWN,0.25,1106,0.35,0.36
2026-01-13 16:01:21,817,"Bitcoin Up or Down - January 13, 3:00AM-3:15AM ET",price_change,DOWN,0.31,1397.5,0.35,0.36
2026-01-13 16:01:21,817,"Bitcoin Up or Down - January 13, 3:00AM-3:15AM ET",price_change,UP,0.59,2036.1,0.64,0.65
2026-01-13 16:01:22,816,"Bitcoin Up or Down - January 13, 3:00AM-3:15AM ET",price_change,UP,0.6,798.95,0.64,0.65
2026-01-13 16:01:22,816,"Bitcoin Up or Down - January 13, 3:00AM-3:15AM ET",price_change,DOWN,0.31,1387.5,0.35,0.36
2026-01-13 16:01:23,815,"Bitcoin Up or Down - January 13, 3:00AM-3:15AM ET",price_change,UP,0.59,2036.1,0.64,0.65
2026-01-13 16:01:24,815,"Bitcoin Up or Down - January 13, 3:00AM-3:15AM ET",price_change,DOWN,0.31,1347.5,0.35,0.36
2026-01-13 16:01:24,814,"Bitcoin Up or Down - January 13, 3:00AM-3:15AM ET",price_change,DOWN,0.31,1362.5,0.35,0.36
2026-01-13 16:01:24,814,"Bitcoin Up or Down - January 13, 3:00AM-3:15AM ET",price_change,UP,0.6,798.95,0.64,0.65
2026-01-13 16:01:25,813,"Bitcoin Up or Down - January 13, 3:00AM-3:15AM ET",price_change,UP,0.42,1031,0.64,0.65
2026-01-13 16:01:25,813,"Bitcoin Up or Down - January 13, 3:00AM-3:15AM ET",price_change,DOWN,0.35,1870.63,0.35,0.36
2026-01-13 16:01:26,812,"Bitcoin Up or Down - January 13, 3:00AM-3:15AM ET",price_change,UP,0.59,2056.1,0.64,0.65
2026-01-13 16:01:27,812,"Bitcoin Up or Down - January 13, 3:00AM-3:15AM ET",price_change,DOWN,0.31,1322.5,0.35,0.36
2026-01-13 16:01:27,811,"Bitcoin Up or Down - January 13, 3:00AM-3:15AM ET",price_change,DOWN,0.35,2013.63,0.35,0.36
2026-01-13 16:01:28,811,"Bitcoin Up or Down - January 13, 3:00AM-3:15AM ET",price_change,UP,0.04,5586.75,0.64,0.65
2026-01-13 16:01:28,810,"Bitcoin Up or Down - January 13, 3:00AM-3:15AM ET",price_change,DOWN,0.35,2055.63,0.35,0.36
2026-01-13 16:01:28,810,"Bitcoin Up or Down - January 13, 3:00AM-3:15AM ET",price_change,UP,0.64,51.94,0.64,0.65
2026-01-13 16:01:29,809,"Bitcoin Up or Down - January 13, 3:00AM-3:15AM ET",price_change,UP,0.59,2036.1,0.64,0.65
2026-01-13 16:01:30,809,"Bitcoin Up or Down - January 13, 3:00AM-3:15AM ET",price_change,DOWN,0.3,1151.5,0.35,0.36
2026-01-13 16:01:30,808,"Bitcoin Up or Down - January 13, 3:00AM-3:15AM ET",price_change,UP,0.59,2036.1,0.64,0.65
2026-01-13 16:01:30,808,"Bitcoin Up or Down - January 13, 3:00AM-3:15AM ET",price_change,DOWN,0.2,1110,0.35,0.36
2026-01-13 16:01:31,807,"Bitcoin Up or Down - January 13, 3:00AM-3:15AM ET",price_change,UP,0.62,880.54,0.64,0.65
2026-01-13 16:01:31,807,"Bitcoin Up or Down - January 13, 3:00AM-3:15AM ET",price_change,DOWN,0.31,1218.5,0.35,0.36
2026-01-13 16:01:32,806,"Bitcoin Up or Down - January 13, 3:00AM-3:15AM ET",price_change,DOWN,0.35,2026.47,0.35,0.36
2026-01-13 16:01:32,806,"Bitcoin Up or Down - January 13, 3:00AM-3:15AM ET",price_change,UP,0.52,1161,0.64,0.65
2026-01-13 16:01:33,805,"Bitcoin Up or Down - January 13, 3:00AM-3:15AM ET",price_change,DOWN,0.36,1418.49,0.37,0.38
2026-01-13 16:01:33,805,"Bitcoin Up or Down - January 13, 3:00AM-3:15AM ET",price_change,UP,0.59,1031.1,0.62,0.63
2026-01-13 16:01:34,804,"Bitcoin Up or Down - January 13, 3:00AM-3:15AM ET",price_change,DOWN,0.37,408.1,0.37,0.38
2026-01-13 16:01:34,804,"Bitcoin Up or Down - January 13, 3:00AM-3:15AM ET",price_change,UP,0.42,1031,0.62,0.63
2026-01-13 16:01:35,803,"Bitcoin Up or Down - January 13, 3:00AM-3:15AM ET",price_change,DOWN,0.37,391.1,0.37,0.38
2026-01-13 16:01:35,803,"Bitcoin Up or Down - January 13, 3:00AM-3:15AM ET",price_change,UP,0.57,1042.03,0.62,0.63
2026-01-13 16:01:36,802,"Bitcoin Up or Down - January 13, 3:00AM-3:15AM ET",price_change,DOWN,0.33,2145.41,0.37,0.38
2026-01-13 16:01:36,802,"Bitcoin Up or Down - January 13, 3:00AM-3:15AM ET",price_change,UP,0.58,948.91,0.62,0.63
2026-01-13 16:01:37,801,"Bitcoin Up or Down - January 13, 3:00AM-3:15AM ET",price_change,DOWN,0.08,5133,0.38,0.39
2026-01-13 16:01:37,801,"Bitcoin Up or Down - January 13, 3:00AM-3:15AM ET",price_change,UP,0.31,765,0.61,0.62
2026-01-13 16:01:38,800,"Bitcoin Up or Down - January 13, 3:00AM-3:15AM ET",price_change,UP,0.42,1026,0.61,0.62
2026-01-13 16:01:38,800,"Bitcoin Up or Down - January 13, 3:00AM-3:15AM ET",price_change,DOWN,0.2,1090,0.38,0.39
2026-01-13 16:01:39,799,"Bitcoin Up or Down - January 13, 3:00AM-3:15AM ET",price_change,UP,0.48,1910.67,0.61,0.62
2026-01-13 16:01:40,799,"Bitcoin Up or Down - January 13, 3:00AM-3:15AM ET",price_change,DOWN,0.34,3056.55,0.38,0.39
2026-01-13 16:01:40,798,"Bitcoin Up or Down - January 13, 3:00AM-3:15AM ET",price_change,DOWN,0.13,23,0.38,0.39
2026-01-13 16:01:40,798,"Bitcoin Up or Down - January 13, 3:00AM-3:15AM ET",price_change,UP,0.57,1042.03,0.61,0.62
2026-01-13 16:01:41,797,"Bitcoin Up or Down - January 13, 3:00AM-3:15AM ET",price_change,DOWN,0.35,1567.47,0.4,0.41
2026-01-13 16:01:41,797,"Bitcoin Up or Down - January 13, 3:00AM-3:15AM ET",price_change,UP,0.58,246,0.59,0.6
2026-01-13 16:01:42,796,"Bitcoin Up or Down - January 13, 3:00AM-3:15AM ET",price_change,DOWN,0.19,2278,0.4,0.41
2026-01-13 16:01:42,796,"Bitcoin Up or Down - January 13, 3:00AM-3:15AM ET",price_change,UP,0.58,318,0.59,0.6
2026-01-13 16:01:43,795,"Bitcoin Up or Down - January 13, 3:00AM-3:15AM ET",price_change,DOWN,0.4,197.95,0.4,0.41
2026-01-13 16:01:43,795,"Bitcoin Up or Down - January 13, 3:00AM-3:15AM ET",price_change,UP,0.59,83.5,0.59,0.6
2026-01-13 16:01:44,794,"Bitcoin Up or Down - January 13, 3:00AM-3:15AM ET",price_change,DOWN,0.4,887.1,0.41,0.42
2026-01-13 16:01:44,794,"Bitcoin Up or Down - January 13, 3:00AM-3:15AM ET",price_change,UP,0.57,57,0.58,0.59
2026-01-13 16:01:45,793,"Bitcoin Up or Down - January 13, 3:00AM-3:15AM ET",price_change,UP,0.57,19.49,0.57,0.58
2026-01-13 16:01:45,793,"Bitcoin Up or Down - January 13, 3:00AM-3:15AM ET",price_change,DOWN,0.4,833.49,0.42,0.43
2026-01-13 16:01:46,792,"Bitcoin Up or Down - January 13, 3:00AM-3:15AM ET",price_change,UP,0.56,278.93,0.56,0.57
2026-01-13 16:01:46,792,"Bitcoin Up or Down - January 13, 3:00AM-3:15AM ET",price_change,DOWN,0.37,1009.64,0.43,0.44
2026-01-13 16:01:47,791,"Bitcoin Up or Down - January 13, 3:00AM-3:15AM ET",price_change,UP,0.54,1116,0.56,0.57
2026-01-13 16:01:47,791,"Bitcoin Up or Down - January 13, 3:00AM-3:15AM ET",price_change,DOWN,0.26,1193,0.43,0.44
2026-01-13 16:01:48,790,"Bitcoin Up or Down - January 13, 3:00AM-3:15AM ET",price_change,DOWN,0.23,865,0.43,0.44
2026-01-13 16:01:48,790,"Bitcoin Up or Down - January 13, 3:00AM-3:15AM ET",price_change,UP,0.41,1049,0.56,0.57
2026-01-13 16:01:49,789,"Bitcoin Up or Down - January 13, 3:00AM-3:15AM ET",price_change,DOWN,0.43,1907.97,0.43,0.44
2026-01-13 16:01:49,789,"Bitcoin Up or Down - January 13, 3:00AM-3:15AM ET",price_change,UP,0.56,0,0.55,0.57
2026-01-13 16:01:50,788,"Bitcoin Up or Down - January 13, 3:00AM-3:15AM ET",price_change,DOWN,0.42,834,0.45,0.46
2026-01-13 16:01:50,788,"Bitcoin Up or Down - January 13, 3:00AM-3:15AM ET",price_change,UP,0.54,417,0.54,0.55
2026-01-13 16:01:51,787,"Bitcoin Up or Down - January 13, 3:00AM-3:15AM ET",price_change,DOWN,0.3,1211.5,0.45,0.46
2026-01-13 16:01:51,787,"Bitcoin Up or Down - January 13, 3:00AM-3:15AM ET",price_change,UP,0.51,1177.76,0.54,0.55
2026-01-13 16:01:52,786,"Bitcoin Up or Down - January 13, 3:00AM-3:15AM ET",price_change,UP,0.53,12.73,0.53,0.54
2026-01-13 16:01:52,786,"Bitcoin Up or Down - January 13, 3:00AM-3:15AM ET",price_change,DOWN,0.46,101.27,0.46,0.47
2026-01-13 16:01:53,785,"Bitcoin Up or Down - January 13, 3:00AM-3:15AM ET",price_change,DOWN,0.38,1949.63,0.48,0.49
2026-01-13 16:01:53,785,"Bitcoin Up or Down - January 13, 3:00AM-3:15AM ET",price_change,UP,0.48,1921.17,0.51,0.52
2026-01-13 16:01:54,784,"Bitcoin Up or Down - January 13, 3:00AM-3:15AM ET",price_change,UP,0.46,1152,0.5,0.51
2026-01-13 16:01:54,784,"Bitcoin Up or Down - January 13, 3:00AM-3:15AM ET",price_change,DOWN,0.29,1134,0.49,0.5
2026-01-13 16:01:55,783,"Bitcoin Up or Down - January 13, 3:00AM-3:15AM ET",price_change,UP,0.49,937.8,0.49,0.5
2026-01-13 16:01:55,783,"Bitcoin Up or Down - January 13, 3:00AM-3:15AM ET",price_change,DOWN,0.4,888.8,0.5,0.51
2026-01-13 16:01:56,782,"Bitcoin Up or Down - January 13, 3:00AM-3:15AM ET",price_change,DOWN,0.49,2149.62,0.5,0.51
2026-01-13 16:01:56,782,"Bitcoin Up or Down - January 13, 3:00AM-3:15AM ET",price_change,UP,0.47,361.93,0.49,0.5
2026-01-13 16:01:57,781,"Bitcoin Up or Down - January 13, 3:00AM-3:15AM ET",price_change,UP,0.47,29.33,0.47,0.48
2026-01-13 16:01:57,781,"Bitcoin Up or Down - January 13, 3:00AM-3:15AM ET",price_change,DOWN,0.52,252.83,0.52,0.53
2026-01-13 16:01:58,780,"Bitcoin Up or Down - January 13, 3:00AM-3:15AM ET",price_change,DOWN,0.48,1852.98,0.52,0.53
2026-01-13 16:01:58,780,"Bitcoin Up or Down - January 13, 3:00AM-3:15AM ET",price_change,UP,0.47,785.02,0.47,0.48
2026-01-13 16:01:59,779,"Bitcoin Up or Down - January 13, 3:00AM-3:15AM ET",price_change,UP,0.23,55,0.47,0.48
2026-01-13 16:01:59,779,"Bitcoin Up or Down - January 13, 3:00AM-3:15AM ET",price_change,DOWN,0.41,1074,0.52,0.53
2026-01-13 16:02:00,778,"Bitcoin Up or Down - January 13, 3:00AM-3:15AM ET",price_change,DOWN,0.27,1018,0.53,0.54
2026-01-13 16:02:00,778,"Bitcoin Up or Down - January 13, 3:00AM-3:15AM ET",price_change,UP,0.46,1223.1,0.46,0.47
2026-01-13 16:02:01,777,"Bitcoin Up or Down - January 13, 3:00AM-3:15AM ET",price_change,UP,0.47,127.15,0.47,0.48
2026-01-13 16:02:01,777,"Bitcoin Up or Down - January 13, 3:00AM-3:15AM ET",price_change,DOWN,0.5,2156.89,0.52,0.53
2026-01-13 16:02:02,776,"Bitcoin Up or Down - January 13, 3:00AM-3:15AM ET",price_change,DOWN,0.5,2208.43,0.52,0.53
2026-01-13 16:02:03,776,"Bitcoin Up or Down - January 13, 3:00AM-3:15AM ET",price_change,UP,0.45,1136,0.47,0.48
2026-01-13 16:02:03,775,"Bitcoin Up or Down - January 13, 3:00AM-3:15AM ET",price_change,DOWN,0.51,2199.73,0.51,0.53
2026-01-13 16:02:03,775,"Bitcoin Up or Down - January 13, 3:00AM-3:15AM ET",price_change,UP,0.47,198.66,0.47,0.48
2026-01-13 16:02:04,774,"Bitcoin Up or Down - January 13, 3:00AM-3:15AM ET",price_change,DOWN,0.48,2087.82,0.52,0.53
2026-01-13 16:02:04,774,"Bitcoin Up or Down - January 13, 3:00AM-3:15AM ET",price_change,UP,0.43,1181,0.47,0.48
2026-01-13 16:02:05,773,"Bitcoin Up or Down - January 13, 3:00AM-3:15AM ET",price_change,DOWN,0.42,1233.9,0.52,0.53
2026-01-13 16:02:06,773,"Bitcoin Up or Down - January 13, 3:00AM-3:15AM ET",price_change,UP,0.3,914,0.47,0.48
2026-01-13 16:02:06,772,"Bitcoin Up or Down - January 13, 3:00AM-3:15AM ET",price_change,DOWN,0.51,1433.39,0.52,0.53
2026-01-13 16:02:06,772,"Bitcoin Up or Down - January 13, 3:00AM-3:15AM ET",price_change,UP,0.47,408.19,0.47,0.48
2026-01-13 16:02:07,771,"Bitcoin Up or Down - January 13, 3:00AM-3:15AM ET",price_change,DOWN,0.52,25.5,0.52,0.53
2026-01-13 16:02:07,771,"Bitcoin Up or Down - January 13, 3:00AM-3:15AM ET",price_change,UP,0.45,1166,0.47,0.48
2026-01-13 16:02:08,770,"Bitcoin Up or Down - January 13, 3:00AM-3:15AM ET",price_change,DOWN,0.5,1400.43,0.52,0.53
2026-01-13 16:02:08,770,"Bitcoin Up or Down - January 13, 3:00AM-3:15AM ET",price_change,UP,0.47,189.66,0.47,0.48
2026-01-13 16:02:09,769,"Bitcoin Up or Down - January 13, 3:00AM-3:15AM ET",price_change,DOWN,0.52,27.55,0.52,0.53
2026-01-13 16:02:09,769,"Bitcoin Up or Down - January 13, 3:00AM-3:15AM ET",price_change,UP,0.45,1171,0.47,0.48
2026-01-13 16:02:10,768,"Bitcoin Up or Down - January 13, 3:00AM-3:15AM ET",price_change,DOWN,0.29,1119,0.52,0.53
2026-01-13 16:02:11,768,"Bitcoin Up or Down - January 13, 3:00AM-3:15AM ET",price_change,UP,0.42,1121,0.47,0.48
2026-01-13 16:02:11,767,"Bitcoin Up or Down - January 13, 3:00AM-3:15AM ET",price_change,UP,0.46,47.5,0.46,0.47
2026-01-13 16:02:11,767,"Bitcoin Up or Down - January 13, 3:00AM-3:15AM ET",price_change,DOWN,0.53,1183.5,0.53,0.54
2026-01-13 16:02:12,766,"Bitcoin Up or Down - January 13, 3:00AM-3:15AM ET",price_change,UP,0.43,1171,0.45,0.46
2026-01-13 16:02:12,766,"Bitcoin Up or Down - January 13, 3:00AM-3:15AM ET",price_change,DOWN,0.33,8207.41,0.54,0.55
2026-01-13 16:02:13,765,"Bitcoin Up or Down - January 13, 3:00AM-3:15AM ET",price_change,DOWN,0.52,1454.17,0.54,0.55
2026-01-13 16:02:13,765,"Bitcoin Up or Down - January 13, 3:00AM-3:15AM ET",price_change,UP,0.44,1278.6,0.45,0.46
2026-01-13 16:02:14,764,"Bitcoin Up or Down - January 13, 3:00AM-3:15AM ET",price_change,UP,0.44,1383.26,0.45,0.46
2026-01-13 16:02:14,764,"Bitcoin Up or Down - January 13, 3:00AM-3:15AM ET",price_change,DOWN,0.38,1054.63,0.54,0.55
2026-01-13 16:02:15,763,"Bitcoin Up or Down - January 13, 3:00AM-3:15AM ET",price_change,UP,0.44,1138.26,0.46,0.47
2026-01-13 16:02:15,763,"Bitcoin Up or Down - January 13, 3:00AM-3:15AM ET",price_change,DOWN,0.51,838.21,0.53,0.54
2026-01-13 16:02:16,762,"Bitcoin Up or Down - January 13, 3:00AM-3:15AM ET",price_change,UP,0.47,30.5,0.47,0.48
2026-01-13 16:02:16,762,"Bitcoin Up or Down - January 13, 3:00AM-3:15AM ET",price_change,DOWN,0.3,2170.5,0.52,0.53
2026-01-13 16:02:17,761,"Bitcoin Up or Down - January 13, 3:00AM-3:15AM ET",price_change,DOWN,0.01,18250.5,0.52,0.53
2026-01-13 16:02:17,761,"Bitcoin Up or Down - January 13, 3:00AM-3:15AM ET",price_change,UP,0.42,1136,0.47,0.48
2026-01-13 16:02:18,760,"Bitcoin Up or Down - January 13, 3:00AM-3:15AM ET",price_change,DOWN,0.51,1161.25,0.52,0.53
2026-01-13 16:02:18,760,"Bitcoin Up or Down - January 13, 3:00AM-3:15AM ET",price_change,UP,0.45,2118.5,0.47,0.48
2026-01-13 16:02:19,759,"Bitcoin Up or Down - January 13, 3:00AM-3:15AM ET",price_change,UP,0.47,1439.26,0.47,0.48
2026-01-13 16:02:19,759,"Bitcoin Up or Down - January 13, 3:00AM-3:15AM ET",price_change,DOWN,0.52,1100.27,0.52,0.53
2026-01-13 16:02:20,758,"Bitcoin Up or Down - January 13, 3:00AM-3:15AM ET",price_change,UP,0.15,61.3,0.47,0.48
2026-01-13 16:02:21,758,"Bitcoin Up or Down - January 13, 3:00AM-3:15AM ET",price_change,DOWN,0.46,1071,0.52,0.53
2026-01-13 16:02:21,757,"Bitcoin Up or Down - January 13, 3:00AM-3:15AM ET",price_change,DOWN,0.52,2110.81,0.52,0.53
2026-01-13 16:02:21,757,"Bitcoin Up or Down - January 13, 3:00AM-3:15AM ET",price_change,UP,0.47,77.06,0.47,0.48
2026-01-13 16:02:22,756,"Bitcoin Up or Down - January 13, 3:00AM-3:15AM ET",price_change,DOWN,0.52,1344.18,0.52,0.53
2026-01-13 16:02:22,756,"Bitcoin Up or Down - January 13, 3:00AM-3:15AM ET",price_change,UP,0.4,1141,0.47,0.48
2026-01-13 16:02:23,755,"Bitcoin Up or Down - January 13, 3:00AM-3:15AM ET",price_change,DOWN,0.48,2062.5,0.52,0.53
2026-01-13 16:02:23,755,"Bitcoin Up or Down - January 13, 3:00AM-3:15AM ET",price_change,UP,0.43,1196,0.47,0.48
2026-01-13 16:02:24,754,"Bitcoin Up or Down - January 13, 3:00AM-3:15AM ET",price_change,DOWN,0.51,1866.75,0.52,0.53
2026-01-13 16:02:24,754,"Bitcoin Up or Down - January 13, 3:00AM-3:15AM ET",price_change,UP,0.42,1131,0.47,0.48
2026-01-13 16:02:25,753,"Bitcoin Up or Down - January 13, 3:00AM-3:15AM ET",price_change,DOWN,0.32,1145.38,0.52,0.53
2026-01-13 16:02:25,753,"Bitcoin Up or Down - January 13, 3:00AM-3:15AM ET",price_change,UP,0.43,1176,0.47,0.48
2026-01-13 16:02:26,752,"Bitcoin Up or Down - January 13, 3:00AM-3:15AM ET",price_change,DOWN,0.52,1222.99,0.52,0.53
2026-01-13 16:02:26,752,"Bitcoin Up or Down - January 13, 3:00AM-3:15AM ET",price_change,UP,0.37,1293.16,0.47,0.48
2026-01-13 16:02:27,751,"Bitcoin Up or Down - January 13, 3:00AM-3:15AM ET",price_change,DOWN,0.52,1191.99,0.52,0.53
2026-01-13 16:02:27,751,"Bitcoin Up or Down - January 13, 3:00AM-3:15AM ET",price_change,UP,0.04,5620.65,0.47,0.48
2026-01-13 16:02:28,750,"Bitcoin Up or Down - January 13, 3:00AM-3:15AM ET",price_change,UP,0.1,5092.4,0.46,0.47
2026-01-13 16:02:28,750,"Bitcoin Up or Down - January 13, 3:00AM-3:15AM ET",price_change,DOWN,0.53,454,0.53,0.54
2026-01-13 16:02:29,749,"Bitcoin Up or Down - January 13, 3:00AM-3:15AM ET",price_change,UP,0.44,1058.1,0.46,0.47
2026-01-13 16:02:29,749,"Bitcoin Up or Down - January 13, 3:00AM-3:15AM ET",price_change,DOWN,0.52,1868.99,0.53,0.54
2026-01-13 16:02:30,748,"Bitcoin Up or Down - January 13, 3:00AM-3:15AM ET",price_change,DOWN,0.53,1076,0.54,0.55
2026-01-13 16:02:30,748,"Bitcoin Up or Down - January 13, 3:00AM-3:15AM ET",price_change,UP,0.42,308.41,0.45,0.46
2026-01-13 16:02:31,747,"Bitcoin Up or Down - January 13, 3:00AM-3:15AM ET",price_change,UP,0.29,879.3,0.42,0.43
2026-01-13 16:02:31,747,"Bitcoin Up or Down - January 13, 3:00AM-3:15AM ET",price_change,DOWN,0.54,365,0.57,0.58
2026-01-13 16:02:32,746,"Bitcoin Up or Down - January 13, 3:00AM-3:15AM ET",price_change,DOWN,0.52,92.67,0.53,0.54
2026-01-13 16:02:32,746,"Bitcoin Up or Down - January 13, 3:00AM-3:15AM ET",price_change,UP,0.45,379.48,0.46,0.47
2026-01-13 16:02:33,745,"Bitcoin Up or Down - January 13, 3:00AM-3:15AM ET",price_change,UP,0.47,33,0.47,0.48
2026-01-13 16:02:33,745,"Bitcoin Up or Down - January 13, 3:00AM-3:15AM ET",price_change,DOWN,0.51,153.5,0.52,0.53
2026-01-13 16:02:34,744,"Bitcoin Up or Down - January 13, 3:00AM-3:15AM ET",price_change,DOWN,0.46,323,0.52,0.53
2026-01-13 16:02:34,744,"Bitcoin Up or Down - January 13, 3:00AM-3:15AM ET",price_change,UP,0.47,1570.5,0.47,0.48
2026-01-13 16:02:35,743,"Bitcoin Up or Down - January 13, 3:00AM-3:15AM ET",price_change,DOWN,0.42,1167.27,0.46,0.47
2026-01-13 16:02:35,743,"Bitcoin Up or Down - January 13, 3:00AM-3:15AM ET",price_change,UP,0.2,53.1,0.53,0.54
2026-01-13 16:02:36,742,"Bitcoin Up or Down - January 13, 3:00AM-3:15AM ET",price_change,DOWN,0.41,1111.5,0.45,0.46
2026-01-13 16:02:36,742,"Bitcoin Up or Down - January 13, 3:00AM-3:15AM ET",price_change,UP,0.45,978.99,0.54,0.55
2026-01-13 16:02:37,741,"Bitcoin Up or Down - January 13, 3:00AM-3:15AM ET",price_change,DOWN,0.39,1109.08,0.39,0.43
2026-01-13 16:02:37,741,"Bitcoin Up or Down - January 13, 3:00AM-3:15AM ET",price_change,UP,0.55,307,0.57,0.6
2026-01-13 16:02:38,740,"Bitcoin Up or Down - January 13, 3:00AM-3:15AM ET",price_change,UP,0.58,119.09,0.58,0.59
2026-01-13 16:02:38,740,"Bitcoin Up or Down - January 13, 3:00AM-3:15AM ET",price_change,DOWN,0.4,29,0.41,0.42
2026-01-13 16:02:39,739,"Bitcoin Up or Down - January 13, 3:00AM-3:15AM ET",price_change,DOWN,0.41,859.68,0.41,0.42
2026-01-13 16:02:39,739,"Bitcoin Up or Down - January 13, 3:00AM-3:15AM ET",price_change,UP,0.57,94,0.58,0.59
2026-01-13 16:02:40,738,"Bitcoin Up or Down - January 13, 3:00AM-3:15AM ET",price_change,DOWN,0.42,20.97,0.42,0.43
2026-01-13 16:02:40,738,"Bitcoin Up or Down - January 13, 3:00AM-3:15AM ET",price_change,UP,0.56,25.48,0.57,0.58
2026-01-13 16:02:41,737,"Bitcoin Up or Down - January 13, 3:00AM-3:15AM ET",price_change,UP,0.6,32.36,0.6,0.62
2026-01-13 16:02:41,737,"Bitcoin Up or Down - January 13, 3:00AM-3:15AM ET",price_change,DOWN,0.32,1136.38,0.38,0.4
2026-01-13 16:02:42,736,"Bitcoin Up or Down - January 13, 3:00AM-3:15AM ET",price_change,UP,0.48,1872.2,0.59,0.63
2026-01-13 16:02:42,736,"Bitcoin Up or Down - January 13, 3:00AM-3:15AM ET",price_change,DOWN,0.37,47.5,0.37,0.41
2026-01-13 16:02:43,735,"Bitcoin Up or Down - January 13, 3:00AM-3:15AM ET",price_change,UP,0.61,62.46,0.62,0.64
2026-01-13 16:02:43,735,"Bitcoin Up or Down - January 13, 3:00AM-3:15AM ET",price_change,DOWN,0.31,1077.1,0.36,0.38
2026-01-13 16:02:44,734,"Bitcoin Up or Down - January 13, 3:00AM-3:15AM ET",price_change,UP,0.6,864,0.6,0.61
2026-01-13 16:02:44,734,"Bitcoin Up or Down - January 13, 3:00AM-3:15AM ET",price_change,DOWN,0.21,883.8,0.39,0.4
2026-01-13 16:02:45,733,"Bitcoin Up or Down - January 13, 3:00AM-3:15AM ET",price_change,DOWN,0.38,213.97,0.39,0.4
2026-01-13 16:02:45,733,"Bitcoin Up or Down - January 13, 3:00AM-3:15AM ET",price_change,UP,0.48,875.2,0.6,0.61
2026-01-13 16:02:46,732,"Bitcoin Up or Down - January 13, 3:00AM-3:15AM ET",price_change,UP,0.6,1054.66,0.6,0.61
2026-01-13 16:02:46,732,"Bitcoin Up or Down - January 13, 3:00AM-3:15AM ET",price_change,DOWN,0.17,800.19,0.39,0.4
2026-01-13 16:02:47,731,"Bitcoin Up or Down - January 13, 3:00AM-3:15AM ET",price_change,UP,0.5,945,0.6,0.61
2026-01-13 16:02:47,731,"Bitcoin Up or Down - January 13, 3:00AM-3:15AM ET",price_change,DOWN,0.39,843,0.39,0.4
2026-01-13 16:02:48,730,"Bitcoin Up or Down - January 13, 3:00AM-3:15AM ET",price_change,UP,0.6,933.66,0.6,0.61
2026-01-13 16:02:48,730,"Bitcoin Up or Down - January 13, 3:00AM-3:15AM ET",price_change,DOWN,0.39,55.05,0.39,0.4
2026-01-13 16:02:49,729,"Bitcoin Up or Down - January 13, 3:00AM-3:15AM ET",price_change,DOWN,0.36,808.26,0.39,0.4
2026-01-13 16:02:49,729,"Bitcoin Up or Down - January 13, 3:00AM-3:15AM ET",price_change,UP,0.6,990.16,0.6,0.61
2026-01-13 16:02:50,728,"Bitcoin Up or Down - January 13, 3:00AM-3:15AM ET",price_change,DOWN,0.39,31.28,0.39,0.4
2026-01-13 16:02:50,728,"Bitcoin Up or Down - January 13, 3:00AM-3:15AM ET",price_change,UP,0.6,1144.16,0.6,0.61
2026-01-13 16:02:51,727,"Bitcoin Up or Down - January 13, 3:00AM-3:15AM ET",price_change,DOWN,0.36,822.76,0.38,0.39
2026-01-13 16:02:51,727,"Bitcoin Up or Down - January 13, 3:00AM-3:15AM ET",price_change,UP,0.6,918.71,0.61,0.62
2026-01-13 16:02:52,726,"Bitcoin Up or Down - January 13, 3:00AM-3:15AM ET",price_change,UP,0.6,835.19,0.61,0.62
2026-01-13 16:02:52,726,"Bitcoin Up or Down - January 13, 3:00AM-3:15AM ET",price_change,DOWN,0.17,771.19,0.38,0.39
2026-01-13 16:02:53,725,"Bitcoin Up or Down - January 13, 3:00AM-3:15AM ET",price_change,UP,0.58,1006,0.61,0.62
2026-01-13 16:02:53,725,"Bitcoin Up or Down - January 13, 3:00AM-3:15AM ET",price_change,DOWN,0.33,7392.72,0.38,0.39
2026-01-13 16:02:54,724,"Bitcoin Up or Down - January 13, 3:00AM-3:15AM ET",price_change,UP,0.6,77.69,0.61,0.62
2026-01-13 16:02:54,724,"Bitcoin Up or Down - January 13, 3:00AM-3:15AM ET",price_change,DOWN,0.38,2160.66,0.38,0.39
2026-01-13 16:02:55,723,"Bitcoin Up or Down - January 13, 3:00AM-3:15AM ET",price_change,DOWN,0.39,174.42,0.39,0.4
2026-01-13 16:02:55,723,"Bitcoin Up or Down - January 13, 3:00AM-3:15AM ET",price_change,UP,0.53,1220.59,0.6,0.61
2026-01-13 16:02:56,722,"Bitcoin Up or Down - January 13, 3:00AM-3:15AM ET",price_change,UP,0.6,40,0.6,0.61
2026-01-13 16:02:56,722,"Bitcoin Up or Down - January 13, 3:00AM-3:15AM ET",price_change,DOWN,0.08,5177.7,0.39,0.4
2026-01-13 16:02:57,721,"Bitcoin Up or Down - January 13, 3:00AM-3:15AM ET",price_change,UP,0.6,78.5,0.6,0.61
2026-01-13 16:02:58,721,"Bitcoin Up or Down - January 13, 3:00AM-3:15AM ET",price_change,DOWN,0.39,329.77,0.39,0.4
2026-01-13 16:02:58,720,"Bitcoin Up or Down - January 13, 3:00AM-3:15AM ET",price_change,DOWN,0.36,1133.26,0.39,0.4
2026-01-13 16:02:58,720,"Bitcoin Up or Down - January 13, 3:00AM-3:15AM ET",price_change,UP,0.48,1852.3,0.6,0.61
2026-01-13 16:02:59,719,"Bitcoin Up or Down - January 13, 3:00AM-3:15AM ET",price_change,UP,0.55,771.76,0.6,0.61
2026-01-13 16:02:59,719,"Bitcoin Up or Down - January 13, 3:00AM-3:15AM ET",price_change,DOWN,0.26,1196.8,0.39,0.4
2026-01-13 16:03:00,718,"Bitcoin Up or Down - January 13, 3:00AM-3:15AM ET",price_change,DOWN,0.4,71.66,0.4,0.41
2026-01-13 16:03:00,718,"Bitcoin Up or Down - January 13, 3:00AM-3:15AM ET",price_change,UP,0.57,1048.55,0.59,0.6
2026-01-13 16:03:01,717,"Bitcoin Up or Down - January 13, 3:00AM-3:15AM ET",price_change,UP,0.59,1146.66,0.59,0.6
2026-01-13 16:03:01,717,"Bitcoin Up or Down - January 13, 3:00AM-3:15AM ET",price_change,DOWN,0.2,1038.1,0.4,0.41
2026-01-13 16:03:02,716,"Bitcoin Up or Down - January 13, 3:00AM-3:15AM ET",price_change,DOWN,0.4,152.59,0.4,0.41
2026-01-13 16:03:02,716,"Bitcoin Up or Down - January 13, 3:00AM-3:15AM ET",price_change,UP,0.48,925.3,0.59,0.6
2026-01-13 16:03:03,715,"Bitcoin Up or Down - January 13, 3:00AM-3:15AM ET",price_change,UP,0.58,448.93,0.59,0.6
2026-01-13 16:03:03,715,"Bitcoin Up or Down - January 13, 3:00AM-3:15AM ET",price_change,DOWN,0.4,25,0.4,0.41
2026-01-13 16:03:04,714,"Bitcoin Up or Down - January 13, 3:00AM-3:15AM ET",price_change,DOWN,0.27,1256.6,0.4,0.41
2026-01-13 16:03:04,714,"Bitcoin Up or Down - January 13, 3:00AM-3:15AM ET",price_change,UP,0.42,348.14,0.59,0.6
2026-01-13 16:03:05,713,"Bitcoin Up or Down - January 13, 3:00AM-3:15AM ET",price_change,DOWN,0.39,1055.44,0.4,0.41
2026-01-13 16:03:06,713,"Bitcoin Up or Down - January 13, 3:00AM-3:15AM ET",price_change,UP,0.56,1018,0.59,0.6
2026-01-13 16:03:06,712,"Bitcoin Up or Down - January 13, 3:00AM-3:15AM ET",price_change,DOWN,0.01,18356.8,0.41,0.42
2026-01-13 16:03:06,712,"Bitcoin Up or Down - January 13, 3:00AM-3:15AM ET",price_change,UP,0.57,1217.09,0.58,0.59
2026-01-13 16:03:07,711,"Bitcoin Up or Down - January 13, 3:00AM-3:15AM ET",price_change,DOWN,0.39,1058.87,0.41,0.42
2026-01-13 16:03:07,711,"Bitcoin Up or Down - January 13, 3:00AM-3:15AM ET",price_change,UP,0.57,1230.09,0.58,0.59
2026-01-13 16:03:08,710,"Bitcoin Up or Down - January 13, 3:00AM-3:15AM ET",price_change,DOWN,0.4,162.24,0.41,0.42
2026-01-13 16:03:09,710,"Bitcoin Up or Down - January 13, 3:00AM-3:15AM ET",price_change,UP,0.49,903.5,0.58,0.59
2026-01-13 16:03:09,709,"Bitcoin Up or Down - January 13, 3:00AM-3:15AM ET",price_change,DOWN,0.28,1172.4,0.41,0.42
2026-01-13 16:03:09,709,"Bitcoin Up or Down - January 13, 3:00AM-3:15AM ET",price_change,UP,0.54,2178,0.58,0.59
2026-01-13 16:03:10,708,"Bitcoin Up or Down - January 13, 3:00AM-3:15AM ET",price_change,DOWN,0.37,390.1,0.41,0.42
2026-01-13 16:03:10,708,"Bitcoin Up or Down - January 13, 3:00AM-3:15AM ET",price_change,UP,0.58,1315.73,0.58,0.59
2026-01-13 16:03:11,707,"Bitcoin Up or Down - January 13, 3:00AM-3:15AM ET",price_change,DOWN,0.31,1017.1,0.39,0.4
2026-01-13 16:03:11,707,"Bitcoin Up or Down - January 13, 3:00AM-3:15AM ET",price_change,UP,0.56,1032,0.6,0.61
2026-01-13 16:03:12,706,"Bitcoin Up or Down - January 13, 3:00AM-3:15AM ET",price_change,DOWN,0.27,1256.6,0.39,0.4
2026-01-13 16:03:12,706,"Bitcoin Up or Down - January 13, 3:00AM-3:15AM ET",price_change,UP,0.6,29.47,0.6,0.61
2026-01-13 16:03:13,705,"Bitcoin Up or Down - January 13, 3:00AM-3:15AM ET",price_change,UP,0.58,104.38,0.58,0.59
2026-01-13 16:03:13,705,"Bitcoin Up or Down - January 13, 3:00AM-3:15AM ET",price_change,DOWN,0.4,264,0.41,0.42
2026-01-13 16:03:14,704,"Bitcoin Up or Down - January 13, 3:00AM-3:15AM ET",price_change,UP,0.51,749.99,0.51,0.53
2026-01-13 16:03:14,704,"Bitcoin Up or Down - January 13, 3:00AM-3:15AM ET",price_change,DOWN,0.43,278.98,0.47,0.49
2026-01-13 16:03:15,703,"Bitcoin Up or Down - January 13, 3:00AM-3:15AM ET",price_change,UP,0.48,780.32,0.48,0.51
2026-01-13 16:03:15,703,"Bitcoin Up or Down - January 13, 3:00AM-3:15AM ET",price_change,DOWN,0.49,476.23,0.49,0.52
2026-01-13 16:03:16,702,"Bitcoin Up or Down - January 13, 3:00AM-3:15AM ET",price_change,UP,0.47,74.04,0.47,0.48
2026-01-13 16:03:16,702,"Bitcoin Up or Down - January 13, 3:00AM-3:15AM ET",price_change,DOWN,0.51,389.19,0.52,0.53
2026-01-13 16:03:17,701,"Bitcoin Up or Down - January 13, 3:00AM-3:15AM ET",price_change,DOWN,0.49,355,0.54,0.55
2026-01-13 16:03:17,701,"Bitcoin Up or Down - January 13, 3:00AM-3:15AM ET",price_change,UP,0.26,1248.8,0.45,0.46
2026-01-13 16:03:18,700,"Bitcoin Up or Down - January 13, 3:00AM-3:15AM ET",price_change,DOWN,0.54,2024.24,0.54,0.56
2026-01-13 16:03:18,700,"Bitcoin Up or Down - January 13, 3:00AM-3:15AM ET",price_change,UP,0.4,1059.5,0.44,0.46
2026-01-13 16:03:19,699,"Bitcoin Up or Down - January 13, 3:00AM-3:15AM ET",price_change,UP,0.41,726.04,0.41,0.43
2026-01-13 16:03:19,699,"Bitcoin Up or Down - January 13, 3:00AM-3:15AM ET",price_change,DOWN,0.57,795,0.57,0.59
2026-01-13 16:03:20,698,"Bitcoin Up or Down - January 13, 3:00AM-3:15AM ET",price_change,UP,0.37,1106,0.41,0.43
2026-01-13 16:03:20,698,"Bitcoin Up or Down - January 13, 3:00AM-3:15AM ET",price_change,DOWN,0.44,780.3,0.57,0.58
2026-01-13 16:03:21,697,"Bitcoin Up or Down - January 13, 3:00AM-3:15AM ET",price_change,UP,0.37,1201,0.42,0.43
2026-01-13 16:03:21,697,"Bitcoin Up or Down - January 13, 3:00AM-3:15AM ET",price_change,DOWN,0.51,1007.19,0.57,0.58
2026-01-13 16:03:22,696,"Bitcoin Up or Down - January 13, 3:00AM-3:15AM ET",price_change,DOWN,0.46,2975.2,0.57,0.58
2026-01-13 16:03:22,696,"Bitcoin Up or Down - January 13, 3:00AM-3:15AM ET",price_change,UP,0.37,1141,0.42,0.43
2026-01-13 16:03:23,695,"Bitcoin Up or Down - January 13, 3:00AM-3:15AM ET",price_change,UP,0.29,879.3,0.42,0.43
2026-01-13 16:03:23,695,"Bitcoin Up or Down - January 13, 3:00AM-3:15AM ET",price_change,DOWN,0.44,870.3,0.57,0.58
2026-01-13 16:03:24,694,"Bitcoin Up or Down - January 13, 3:00AM-3:15AM ET",price_change,DOWN,0.57,1017.65,0.57,0.58
2026-01-13 16:03:24,694,"Bitcoin Up or Down - January 13, 3:00AM-3:15AM ET",price_change,UP,0.39,977.11,0.42,0.43
2026-01-13 16:03:25,693,"Bitcoin Up or Down - January 13, 3:00AM-3:15AM ET",price_change,DOWN,0.55,1039,0.57,0.58
2026-01-13 16:03:25,693,"Bitcoin Up or Down - January 13, 3:00AM-3:15AM ET",price_change,UP,0.42,1965.96,0.42,0.43
2026-01-13 16:03:26,692,"Bitcoin Up or Down - January 13, 3:00AM-3:15AM ET",price_change,UP,0.25,1319.9,0.43,0.44
2026-01-13 16:03:26,692,"Bitcoin Up or Down - January 13, 3:00AM-3:15AM ET",price_change,DOWN,0.4,899.06,0.56,0.57
2026-01-13 16:03:27,691,"Bitcoin Up or Down - January 13, 3:00AM-3:15AM ET",price_change,UP,0.4,1250,0.43,0.44
2026-01-13 16:03:27,691,"Bitcoin Up or Down - January 13, 3:00AM-3:15AM ET",price_change,DOWN,0.48,755.2,0.56,0.57
2026-01-13 16:03:28,690,"Bitcoin Up or Down - January 13, 3:00AM-3:15AM ET",price_change,DOWN,0.56,2211.86,0.56,0.57
2026-01-13 16:03:28,690,"Bitcoin Up or Down - January 13, 3:00AM-3:15AM ET",price_change,UP,0.34,1139.48,0.43,0.44
2026-01-13 16:03:29,689,"Bitcoin Up or Down - January 13, 3:00AM-3:15AM ET",price_change,UP,0.38,1106,0.43,0.44
2026-01-13 16:03:29,689,"Bitcoin Up or Down - January 13, 3:00AM-3:15AM ET",price_change,DOWN,0.54,2076,0.56,0.57
2026-01-13 16:03:30,688,"Bitcoin Up or Down - January 13, 3:00AM-3:15AM ET",price_change,UP,0.43,1114.38,0.43,0.44
2026-01-13 16:03:30,688,"Bitcoin Up or Down - January 13, 3:00AM-3:15AM ET",price_change,DOWN,0.4,909.06,0.56,0.57
2026-01-13 16:03:31,687,"Bitcoin Up or Down - January 13, 3:00AM-3:15AM ET",price_change,DOWN,0.54,2100,0.56,0.57
2026-01-13 16:03:31,687,"Bitcoin Up or Down - January 13, 3:00AM-3:15AM ET",price_change,UP,0.41,656.83,0.43,0.44
2026-01-13 16:03:32,687,"Bitcoin Up or Down - January 13, 3:00AM-3:15AM ET",price_change,UP,0.37,879,0.42,0.43
2026-01-13 16:03:32,686,"Bitcoin Up or Down - January 13, 3:00AM-3:15AM ET",price_change,DOWN,0.4,1039.06,0.57,0.58
2026-01-13 16:03:33,685,"Bitcoin Up or Down - January 13, 3:00AM-3:15AM ET",price_change,UP,0.28,881.4,0.41,0.42
2026-01-13 16:03:33,685,"Bitcoin Up or Down - January 13, 3:00AM-3:15AM ET",price_change,DOWN,0.58,941.74,0.58,0.59
2026-01-13 16:03:34,684,"Bitcoin Up or Down - January 13, 3:00AM-3:15AM ET",price_change,UP,0.4,193.71,0.4,0.41
2026-01-13 16:03:34,684,"Bitcoin Up or Down - January 13, 3:00AM-3:15AM ET",price_change,DOWN,0.25,1017.9,0.59,0.6
2026-01-13 16:03:35,683,"Bitcoin Up or Down - January 13, 3:00AM-3:15AM ET",price_change,DOWN,0.59,669,0.6,0.61
2026-01-13 16:03:35,683,"Bitcoin Up or Down - January 13, 3:00AM-3:15AM ET",price_change,UP,0.34,1133.68,0.39,0.4
2026-01-13 16:03:36,682,"Bitcoin Up or Down - January 13, 3:00AM-3:15AM ET",price_change,DOWN,0.56,1966.31,0.6,0.61
2026-01-13 16:03:36,682,"Bitcoin Up or Down - January 13, 3:00AM-3:15AM ET",price_change,UP,0.39,805.34,0.39,0.4
2026-01-13 16:03:37,681,"Bitcoin Up or Down - January 13, 3:00AM-3:15AM ET",price_change,DOWN,0.6,1079.91,0.6,0.61
2026-01-13 16:03:37,681,"Bitcoin Up or Down - January 13, 3:00AM-3:15AM ET",price_change,UP,0.22,1375.68,0.39,0.4
2026-01-13 16:03:38,680,"Bitcoin Up or Down - January 13, 3:00AM-3:15AM ET",price_change,DOWN,0.6,1002.91,0.6,0.61
2026-01-13 16:03:38,680,"Bitcoin Up or Down - January 13, 3:00AM-3:15AM ET",price_change,UP,0.39,1045.2,0.39,0.4
2026-01-13 16:03:39,679,"Bitcoin Up or Down - January 13, 3:00AM-3:15AM ET",price_change,UP,0.39,947.93,0.39,0.4
2026-01-13 16:03:40,679,"Bitcoin Up or Down - January 13, 3:00AM-3:15AM ET",price_change,DOWN,0.53,1013,0.6,0.61
2026-01-13 16:03:41,678,"Bitcoin Up or Down - January 13, 3:00AM-3:15AM ET",price_change,DOWN,0.41,1059.15,0.6,0.61
2026-01-13 16:03:41,678,"Bitcoin Up or Down - January 13, 3:00AM-3:15AM ET",price_change,UP,0.22,172.68,0.39,0.4
2026-01-13 16:03:41,677,"Bitcoin Up or Down - January 13, 3:00AM-3:15AM ET",price_change,DOWN,0.6,279.85,0.6,0.61
2026-01-13 16:03:41,677,"Bitcoin Up or Down - January 13, 3:00AM-3:15AM ET",price_change,UP,0.35,1070,0.39,0.4
2026-01-13 16:03:42,676,"Bitcoin Up or Down - January 13, 3:00AM-3:15AM ET",price_change,UP,0.36,1142.12,0.39,0.4
2026-01-13 16:03:42,676,"Bitcoin Up or Down - January 13, 3:00AM-3:15AM ET",price_change,DOWN,0.58,1747.45,0.6,0.61
2026-01-13 16:03:43,675,"Bitcoin Up or Down - January 13, 3:00AM-3:15AM ET",price_change,UP,0.34,1148.68,0.39,0.4
2026-01-13 16:03:43,675,"Bitcoin Up or Down - January 13, 3:00AM-3:15AM ET",price_change,DOWN,0.56,1951.31,0.6,0.61
2026-01-13 16:03:44,674,"Bitcoin Up or Down - January 13, 3:00AM-3:15AM ET",price_change,DOWN,0.55,1681,0.6,0.61
2026-01-13 16:03:44,674,"Bitcoin Up or Down - January 13, 3:00AM-3:15AM ET",price_change,UP,0.39,709.72,0.39,0.41
2026-01-13 16:03:45,673,"Bitcoin Up or Down - January 13, 3:00AM-3:15AM ET",price_change,DOWN,0.58,780.76,0.58,0.6
2026-01-13 16:03:45,673,"Bitcoin Up or Down - January 13, 3:00AM-3:15AM ET",price_change,UP,0.25,906.9,0.4,0.41
2026-01-13 16:03:46,672,"Bitcoin Up or Down - January 13, 3:00AM-3:15AM ET",price_change,UP,0.4,902.75,0.41,0.42
2026-01-13 16:03:46,672,"Bitcoin Up or Down - January 13, 3:00AM-3:15AM ET",price_change,DOWN,0.56,1231.31,0.58,0.59
2026-01-13 16:03:47,671,"Bitcoin Up or Down - January 13, 3:00AM-3:15AM ET",price_change,DOWN,0.56,2075.46,0.58,0.59
2026-01-13 16:03:47,671,"Bitcoin Up or Down - January 13, 3:00AM-3:15AM ET",price_change,UP,0.37,1046,0.41,0.42
2026-01-13 16:03:48,670,"Bitcoin Up or Down - January 13, 3:00AM-3:15AM ET",price_change,UP,0.4,851.16,0.41,0.42
2026-01-13 16:03:48,670,"Bitcoin Up or Down - January 13, 3:00AM-3:15AM ET",price_change,DOWN,0.54,1026,0.58,0.59
2026-01-13 16:03:49,669,"Bitcoin Up or Down - January 13, 3:00AM-3:15AM ET",price_change,UP,0.28,921.4,0.4,0.41
2026-01-13 16:03:49,669,"Bitcoin Up or Down - January 13, 3:00AM-3:15AM ET",price_change,DOWN,0.41,1047.35,0.59,0.6
2026-01-13 16:03:50,668,"Bitcoin Up or Down - January 13, 3:00AM-3:15AM ET",price_change,DOWN,0.54,1051.79,0.59,0.6
2026-01-13 16:03:51,668,"Bitcoin Up or Down - January 13, 3:00AM-3:15AM ET",price_change,UP,0.37,1131,0.4,0.41
2026-01-13 16:03:51,667,"Bitcoin Up or Down - January 13, 3:00AM-3:15AM ET",price_change,UP,0.11,46.3,0.4,0.41
2026-01-13 16:03:51,667,"Bitcoin Up or Down - January 13, 3:00AM-3:15AM ET",price_change,DOWN,0.55,2446,0.59,0.6
2026-01-13 16:03:52,666,"Bitcoin Up or Down - January 13, 3:00AM-3:15AM ET",price_change,DOWN,0.54,1031,0.59,0.6
2026-01-13 16:03:52,666,"Bitcoin Up or Down - January 13, 3:00AM-3:15AM ET",price_change,UP,0.24,1354.1,0.4,0.41
2026-01-13 16:03:53,665,"Bitcoin Up or Down - January 13, 3:00AM-3:15AM ET",price_change,DOWN,0.58,670.95,0.59,0.6
2026-01-13 16:03:53,665,"Bitcoin Up or Down - January 13, 3:00AM-3:15AM ET",price_change,UP,0.38,816,0.4,0.41
2026-01-13 16:03:54,664,"Bitcoin Up or Down - January 13, 3:00AM-3:15AM ET",price_change,DOWN,0.59,971.89,0.59,0.6
2026-01-13 16:03:54,664,"Bitcoin Up or Down - January 13, 3:00AM-3:15AM ET",price_change,UP,0.4,1332.37,0.4,0.41
2026-01-13 16:03:55,663,"Bitcoin Up or Down - January 13, 3:00AM-3:15AM ET",price_change,UP,0.4,1339.48,0.4,0.41
2026-01-13 16:03:55,663,"Bitcoin Up or Down - January 13, 3:00AM-3:15AM ET",price_change,DOWN,0.55,2485,0.59,0.6
2026-01-13 16:03:56,662,"Bitcoin Up or Down - January 13, 3:00AM-3:15AM ET",price_change,DOWN,0.41,1047.35,0.59,0.6
2026-01-13 16:03:56,662,"Bitcoin Up or Down - January 13, 3:00AM-3:15AM ET",price_change,UP,0.24,1354.1,0.4,0.41
2026-01-13 16:03:57,661,"Bitcoin Up or Down - January 13, 3:00AM-3:15AM ET",price_change,UP,0.22,192.68,0.4,0.41
2026-01-13 16:03:57,661,"Bitcoin Up or Down - January 13, 3:00AM-3:15AM ET",price_change,DOWN,0.36,1044.86,0.59,0.6
2026-01-13 16:03:58,660,"Bitcoin Up or Down - January 13, 3:00AM-3:15AM ET",price_change,DOWN,0.59,2080.66,0.59,0.6
2026-01-13 16:03:58,660,"Bitcoin Up or Down - January 13, 3:00AM-3:15AM ET",price_change,UP,0.4,502.65,0.4,0.41
2026-01-13 16:03:59,659,"Bitcoin Up or Down - January 13, 3:00AM-3:15AM ET",price_change,UP,0.33,7168.9,0.4,0.41
2026-01-13 16:03:59,659,"Bitcoin Up or Down - January 13, 3:00AM-3:15AM ET",price_change,DOWN,0.54,1026,0.59,0.6
2026-01-13 16:04:00,658,"Bitcoin Up or Down - January 13, 3:00AM-3:15AM ET",price_change,UP,0.21,30.8,0.4,0.41
2026-01-13 16:04:00,658,"Bitcoin Up or Down - January 13, 3:00AM-3:15AM ET",price_change,DOWN,0.42,870.3,0.59,0.6
2026-01-13 16:04:01,657,"Bitcoin Up or Down - January 13, 3:00AM-3:15AM ET",price_change,UP,0.37,830,0.4,0.41
2026-01-13 16:04:01,657,"Bitcoin Up or Down - January 13, 3:00AM-3:15AM ET",price_change,DOWN,0.56,2055.46,0.59,0.6
2026-01-13 16:04:02,656,"Bitcoin Up or Down - January 13, 3:00AM-3:15AM ET",price_change,DOWN,0.53,1063,0.59,0.6
2026-01-13 16:04:02,656,"Bitcoin Up or Down - January 13, 3:00AM-3:15AM ET",price_change,UP,0.37,928,0.4,0.41
2026-01-13 16:04:03,655,"Bitcoin Up or Down - January 13, 3:00AM-3:15AM ET",price_change,UP,0.21,30.8,0.4,0.41
2026-01-13 16:04:03,655,"Bitcoin Up or Down - January 13, 3:00AM-3:15AM ET",price_change,DOWN,0.48,985.2,0.59,0.6
2026-01-13 16:04:04,654,"Bitcoin Up or Down - January 13, 3:00AM-3:15AM ET",price_change,DOWN,0.52,760,0.59,0.6
2026-01-13 16:04:04,654,"Bitcoin Up or Down - January 13, 3:00AM-3:15AM ET",price_change,UP,0.38,119.12,0.4,0.41
2026-01-13 16:04:05,653,"Bitcoin Up or Down - January 13, 3:00AM-3:15AM ET",price_change,DOWN,0.59,1920.42,0.59,0.6
2026-01-13 16:04:06,653,"Bitcoin Up or Down - January 13, 3:00AM-3:15AM ET",price_change,UP,0.38,120.12,0.4,0.41
2026-01-13 16:04:06,652,"Bitcoin Up or Down - January 13, 3:00AM-3:15AM ET",price_change,UP,0.36,915,0.4,0.41
2026-01-13 16:04:06,652,"Bitcoin Up or Down - January 13, 3:00AM-3:15AM ET",price_change,DOWN,0.58,1473.42,0.59,0.6
2026-01-13 16:04:07,651,"Bitcoin Up or Down - January 13, 3:00AM-3:15AM ET",price_change,UP,0.36,815,0.4,0.41
2026-01-13 16:04:07,651,"Bitcoin Up or Down - January 13, 3:00AM-3:15AM ET",price_change,DOWN,0.01,18631.67,0.59,0.6
2026-01-13 16:04:08,650,"Bitcoin Up or Down - January 13, 3:00AM-3:15AM ET",price_change,DOWN,0.6,1222.17,0.6,0.61
2026-01-13 16:04:08,650,"Bitcoin Up or Down - January 13, 3:00AM-3:15AM ET",price_change,UP,0.39,127.39,0.39,0.4
2026-01-13 16:04:09,649,"Bitcoin Up or Down - January 13, 3:00AM-3:15AM ET",price_change,UP,0.39,206.83,0.39,0.4
2026-01-13 16:04:09,649,"Bitcoin Up or Down - January 13, 3:00AM-3:15AM ET",price_change,DOWN,0.59,1913.39,0.6,0.61
2026-01-13 16:04:10,648,"Bitcoin Up or Down - January 13, 3:00AM-3:15AM ET",price_change,UP,0.34,1148.8,0.39,0.4
2026-01-13 16:04:10,648,"Bitcoin Up or Down - January 13, 3:00AM-3:15AM ET",price_change,DOWN,0.59,1869.39,0.6,0.61
2026-01-13 16:04:11,647,"Bitcoin Up or Down - January 13, 3:00AM-3:15AM ET",price_change,DOWN,0.6,1229.77,0.6,0.61
2026-01-13 16:04:11,647,"Bitcoin Up or Down - January 13, 3:00AM-3:15AM ET",price_change,UP,0.39,5,0.39,0.4
2026-01-13 16:04:12,646,"Bitcoin Up or Down - January 13, 3:00AM-3:15AM ET",price_change,UP,0.37,984.59,0.38,0.39
2026-01-13 16:04:12,646,"Bitcoin Up or Down - January 13, 3:00AM-3:15AM ET",price_change,DOWN,0.55,1026,0.61,0.62
2026-01-13 16:04:13,645,"Bitcoin Up or Down - January 13, 3:00AM-3:15AM ET",price_change,DOWN,0.37,1068.15,0.61,0.62
2026-01-13 16:04:13,645,"Bitcoin Up or Down - January 13, 3:00AM-3:15AM ET",price_change,UP,0.36,877,0.38,0.39
2026-01-13 16:04:14,644,"Bitcoin Up or Down - January 13, 3:00AM-3:15AM ET",price_change,UP,0.34,1138.8,0.38,0.39
2026-01-13 16:04:14,644,"Bitcoin Up or Down - January 13, 3:00AM-3:15AM ET",price_change,DOWN,0.6,1982.27,0.61,0.62
2026-01-13 16:04:15,643,"Bitcoin Up or Down - January 13, 3:00AM-3:15AM ET",price_change,UP,0.33,7193.9,0.38,0.39
2026-01-13 16:04:15,643,"Bitcoin Up or Down - January 13, 3:00AM-3:15AM ET",price_change,DOWN,0.57,2006,0.61,0.62
2026-01-13 16:04:16,642,"Bitcoin Up or Down - January 13, 3:00AM-3:15AM ET",price_change,DOWN,0.37,1068.15,0.61,0.62
2026-01-13 16:04:16,642,"Bitcoin Up or Down - January 13, 3:00AM-3:15AM ET",price_change,UP,0.24,2142.1,0.38,0.39
2026-01-13 16:04:17,641,"Bitcoin Up or Down - January 13, 3:00AM-3:15AM ET",price_change,UP,0.33,7193.9,0.38,0.39
2026-01-13 16:04:17,641,"Bitcoin Up or Down - January 13, 3:00AM-3:15AM ET",price_change,DOWN,0.61,1789.29,0.61,0.62
2026-01-13 16:04:18,640,"Bitcoin Up or Down - January 13, 3:00AM-3:15AM ET",price_change,DOWN,0.57,2016,0.61,0.62
2026-01-13 16:04:18,640,"Bitcoin Up or Down - January 13, 3:00AM-3:15AM ET",price_change,UP,0.34,1148.8,0.38,0.39
2026-01-13 16:04:19,639,"Bitcoin Up or Down - January 13, 3:00AM-3:15AM ET",price_change,DOWN,0.57,2036,0.61,0.62
2026-01-13 16:04:19,639,"Bitcoin Up or Down - January 13, 3:00AM-3:15AM ET",price_change,UP,0.34,1148.8,0.38,0.39
2026-01-13 16:04:20,638,"Bitcoin Up or Down - January 13, 3:00AM-3:15AM ET",price_change,DOWN,0.61,1962.9,0.61,0.62
2026-01-13 16:04:20,638,"Bitcoin Up or Down - January 13, 3:00AM-3:15AM ET",price_change,UP,0.37,1099.1,0.38,0.39
2026-01-13 16:04:21,637,"Bitcoin Up or Down - January 13, 3:00AM-3:15AM ET",price_change,DOWN,0.62,143.81,0.62,0.63
2026-01-13 16:04:21,637,"Bitcoin Up or Down - January 13, 3:00AM-3:15AM ET",price_change,UP,0.36,920.5,0.37,0.38
2026-01-13 16:04:22,636,"Bitcoin Up or Down - January 13, 3:00AM-3:15AM ET",price_change,DOWN,0.61,1841.63,0.62,0.63
2026-01-13 16:04:22,636,"Bitcoin Up or Down - January 13, 3:00AM-3:15AM ET",price_change,UP,0.01,18638.85,0.37,0.38
2026-01-13 16:04:23,635,"Bitcoin Up or Down - January 13, 3:00AM-3:15AM ET",price_change,DOWN,0.61,1947.97,0.62,0.63
2026-01-13 16:04:23,635,"Bitcoin Up or Down - January 13, 3:00AM-3:15AM ET",price_change,UP,0.33,7128.9,0.37,0.38
2026-01-13 16:04:24,634,"Bitcoin Up or Down - January 13, 3:00AM-3:15AM ET",price_change,DOWN,0.62,965.11,0.62,0.63
2026-01-13 16:04:24,634,"Bitcoin Up or Down - January 13, 3:00AM-3:15AM ET",price_change,UP,0.21,782.8,0.37,0.38
2026-01-13 16:04:25,633,"Bitcoin Up or Down - January 13, 3:00AM-3:15AM ET",price_change,DOWN,0.57,2101,0.62,0.63
2026-01-13 16:04:25,633,"Bitcoin Up or Down - January 13, 3:00AM-3:15AM ET",price_change,UP,0.3,1106.88,0.37,0.38
2026-01-13 16:04:26,632,"Bitcoin Up or Down - January 13, 3:00AM-3:15AM ET",price_change,UP,0.36,733.5,0.37,0.38
2026-01-13 16:04:26,632,"Bitcoin Up or Down - January 13, 3:00AM-3:15AM ET",price_change,DOWN,0.62,2466.89,0.62,0.63
2026-01-13 16:04:27,631,"Bitcoin Up or Down - January 13, 3:00AM-3:15AM ET",price_change,DOWN,0.61,1986.58,0.63,0.64
2026-01-13 16:04:27,631,"Bitcoin Up or Down - January 13, 3:00AM-3:15AM ET",price_change,UP,0.36,1492.6,0.36,0.37
2026-01-13 16:04:28,630,"Bitcoin Up or Down - January 13, 3:00AM-3:15AM ET",price_change,DOWN,0.33,7032.86,0.63,0.64
2026-01-13 16:04:29,630,"Bitcoin Up or Down - January 13, 3:00AM-3:15AM ET",price_change,UP,0.28,1024.4,0.36,0.37
2026-01-13 16:04:29,629,"Bitcoin Up or Down - January 13, 3:00AM-3:15AM ET",price_change,DOWN,0.59,1509.42,0.63,0.64
2026-01-13 16:04:29,629,"Bitcoin Up or Down - January 13, 3:00AM-3:15AM ET",price_change,UP,0.31,1067.1,0.36,0.37
2026-01-13 16:04:30,628,"Bitcoin Up or Down - January 13, 3:00AM-3:15AM ET",price_change,DOWN,0.54,1037,0.63,0.64
2026-01-13 16:04:30,628,"Bitcoin Up or Down - January 13, 3:00AM-3:15AM ET",price_change,UP,0.36,1426.9,0.36,0.37
2026-01-13 16:04:31,627,"Bitcoin Up or Down - January 13, 3:00AM-3:15AM ET",price_change,DOWN,0.5,750,0.62,0.63
2026-01-13 16:04:31,627,"Bitcoin Up or Down - January 13, 3:00AM-3:15AM ET",price_change,UP,0.36,1558.8,0.37,0.38
2026-01-13 16:04:32,626,"Bitcoin Up or Down - January 13, 3:00AM-3:15AM ET",price_change,DOWN,0.56,976.31,0.62,0.63
2026-01-13 16:04:32,626,"Bitcoin Up or Down - January 13, 3:00AM-3:15AM ET",price_change,UP,0.34,1053.8,0.37,0.38
2026-01-13 16:04:33,625,"Bitcoin Up or Down - January 13, 3:00AM-3:15AM ET",price_change,UP,0.37,2332.5,0.37,0.38
2026-01-13 16:04:33,625,"Bitcoin Up or Down - January 13, 3:00AM-3:15AM ET",price_change,DOWN,0.6,1042.27,0.62,0.63
2026-01-13 16:04:34,624,"Bitcoin Up or Down - January 13, 3:00AM-3:15AM ET",price_change,UP,0.31,1068.1,0.41,0.42
2026-01-13 16:04:34,624,"Bitcoin Up or Down - January 13, 3:00AM-3:15AM ET",price_change,DOWN,0.53,787,0.58,0.59
2026-01-13 16:04:35,623,"Bitcoin Up or Down - January 13, 3:00AM-3:15AM ET",price_change,DOWN,0.58,288.49,0.58,0.59
2026-01-13 16:04:35,623,"Bitcoin Up or Down - January 13, 3:00AM-3:15AM ET",price_change,UP,0.4,123.8,0.41,0.42
2026-01-13 16:04:36,622,"Bitcoin Up or Down - January 13, 3:00AM-3:15AM ET",price_change,UP,0.41,60.39,0.41,0.42
2026-01-13 16:04:36,622,"Bitcoin Up or Down - January 13, 3:00AM-3:15AM ET",price_change,DOWN,0.49,1329.97,0.58,0.59
2026-01-13 16:04:37,621,"Bitcoin Up or Down - January 13, 3:00AM-3:15AM ET",price_change,DOWN,0.5,177.13,0.5,0.55
2026-01-13 16:04:37,621,"Bitcoin Up or Down - January 13, 3:00AM-3:15AM ET",price_change,UP,0.42,1071.2,0.45,0.5
2026-01-13 16:04:38,620,"Bitcoin Up or Down - January 13, 3:00AM-3:15AM ET",price_change,UP,0.51,96.51,0.51,0.52
2026-01-13 16:04:38,620,"Bitcoin Up or Down - January 13, 3:00AM-3:15AM ET",price_change,DOWN,0.48,460.32,0.48,0.49
2026-01-13 16:04:39,619,"Bitcoin Up or Down - January 13, 3:00AM-3:15AM ET",price_change,UP,0.52,0.12,0.52,0.53
2026-01-13 16:04:39,619,"Bitcoin Up or Down - January 13, 3:00AM-3:15AM ET",price_change,DOWN,0.46,796,0.47,0.48
2026-01-13 16:04:40,618,"Bitcoin Up or Down - January 13, 3:00AM-3:15AM ET",price_change,UP,0.52,1022.23,0.52,0.53
2026-01-13 16:04:40,618,"Bitcoin Up or Down - January 13, 3:00AM-3:15AM ET",price_change,DOWN,0.47,1211.49,0.47,0.48
2026-01-13 16:04:41,617,"Bitcoin Up or Down - January 13, 3:00AM-3:15AM ET",price_change,UP,0.51,2877.6,0.52,0.53
2026-01-13 16:04:42,617,"Bitcoin Up or Down - January 13, 3:00AM-3:15AM ET",price_change,DOWN,0.4,765.4,0.47,0.48
2026-01-13 16:04:42,616,"Bitcoin Up or Down - January 13, 3:00AM-3:15AM ET",price_change,UP,0.5,2074.69,0.52,0.53
2026-01-13 16:04:42,616,"Bitcoin Up or Down - January 13, 3:00AM-3:15AM ET",price_change,DOWN,0.4,765.4,0.47,0.48
2026-01-13 16:04:43,615,"Bitcoin Up or Down - January 13, 3:00AM-3:15AM ET",price_change,UP,0.35,1031.7,0.52,0.53
2026-01-13 16:04:43,615,"Bitcoin Up or Down - January 13, 3:00AM-3:15AM ET",price_change,DOWN,0.43,1102,0.47,0.48
2026-01-13 16:04:44,614,"Bitcoin Up or Down - January 13, 3:00AM-3:15AM ET",price_change,DOWN,0.46,943,0.47,0.48
2026-01-13 16:04:44,614,"Bitcoin Up or Down - January 13, 3:00AM-3:15AM ET",price_change,UP,0.52,986.1,0.52,0.53
2026-01-13 16:04:45,613,"Bitcoin Up or Down - January 13, 3:00AM-3:15AM ET",price_change,DOWN,0.42,1008,0.47,0.48
2026-01-13 16:04:45,613,"Bitcoin Up or Down - January 13, 3:00AM-3:15AM ET",price_change,UP,0.49,811,0.52,0.53
2026-01-13 16:04:46,612,"Bitcoin Up or Down - January 13, 3:00AM-3:15AM ET",price_change,UP,0.5,2019.69,0.52,0.53
2026-01-13 16:04:47,612,"Bitcoin Up or Down - January 13, 3:00AM-3:15AM ET",price_change,DOWN,0.41,1046.6,0.47,0.48
2026-01-13 16:04:47,611,"Bitcoin Up or Down - January 13, 3:00AM-3:15AM ET",price_change,UP,0.49,781,0.52,0.53
2026-01-13 16:04:47,611,"Bitcoin Up or Down - January 13, 3:00AM-3:15AM ET",price_change,DOWN,0.41,1086.6,0.47,0.48
2026-01-13 16:04:48,610,"Bitcoin Up or Down - January 13, 3:00AM-3:15AM ET",price_change,UP,0.52,103.23,0.52,0.53
2026-01-13 16:04:48,610,"Bitcoin Up or Down - January 13, 3:00AM-3:15AM ET",price_change,DOWN,0.45,1408,0.47,0.48
2026-01-13 16:04:49,609,"Bitcoin Up or Down - January 13, 3:00AM-3:15AM ET",price_change,DOWN,0.47,1682.63,0.47,0.48
2026-01-13 16:04:49,609,"Bitcoin Up or Down - January 13, 3:00AM-3:15AM ET",price_change,UP,0.35,1026.7,0.52,0.53
2026-01-13 16:04:50,608,"Bitcoin Up or Down - January 13, 3:00AM-3:15AM ET",price_change,DOWN,0.46,1398,0.47,0.48
2026-01-13 16:04:50,608,"Bitcoin Up or Down - January 13, 3:00AM-3:15AM ET",price_change,UP,0.47,1032.05,0.52,0.53
2026-01-13 16:04:51,607,"Bitcoin Up or Down - January 13, 3:00AM-3:15AM ET",price_change,UP,0.51,33.18,0.51,0.52
2026-01-13 16:04:51,607,"Bitcoin Up or Down - January 13, 3:00AM-3:15AM ET",price_change,DOWN,0.36,1044.86,0.48,0.49
2026-01-13 16:04:52,606,"Bitcoin Up or Down - January 13, 3:00AM-3:15AM ET",price_change,UP,0.47,51.55,0.48,0.49
2026-01-13 16:04:52,606,"Bitcoin Up or Down - January 13, 3:00AM-3:15AM ET",price_change,DOWN,0.51,269.73,0.51,0.52
2026-01-13 16:04:53,605,"Bitcoin Up or Down - January 13, 3:00AM-3:15AM ET",price_change,DOWN,0.5,479.68,0.51,0.52
2026-01-13 16:04:53,605,"Bitcoin Up or Down - January 13, 3:00AM-3:15AM ET",price_change,UP,0.36,1060.6,0.48,0.49
2026-01-13 16:04:54,604,"Bitcoin Up or Down - January 13, 3:00AM-3:15AM ET",price_change,DOWN,0.49,825.67,0.51,0.52
2026-01-13 16:04:54,604,"Bitcoin Up or Down - January 13, 3:00AM-3:15AM ET",price_change,UP,0.35,1021.7,0.48,0.49
2026-01-13 16:04:55,603,"Bitcoin Up or Down - January 13, 3:00AM-3:15AM ET",price_change,UP,0.35,1021.7,0.48,0.49
2026-01-13 16:04:55,603,"Bitcoin Up or Down - January 13, 3:00AM-3:15AM ET",price_change,DOWN,0.5,1059,0.51,0.52
2026-01-13 16:04:56,602,"Bitcoin Up or Down - January 13, 3:00AM-3:15AM ET",price_change,UP,0.48,833,0.48,0.49
2026-01-13 16:04:56,602,"Bitcoin Up or Down - January 13, 3:00AM-3:15AM ET",price_change,DOWN,0.34,3022.35,0.51,0.52
2026-01-13 16:04:57,601,"Bitcoin Up or Down - January 13, 3:00AM-3:15AM ET",price_change,UP,0.48,831,0.48,0.49
2026-01-13 16:04:57,601,"Bitcoin Up or Down - January 13, 3:00AM-3:15AM ET",price_change,DOWN,0.47,1190,0.51,0.52
2026-01-13 16:04:58,600,"Bitcoin Up or Down - January 13, 3:00AM-3:15AM ET",price_change,DOWN,0.44,429.3,0.44,0.48
2026-01-13 16:04:58,600,"Bitcoin Up or Down - January 13, 3:00AM-3:15AM ET",price_change,UP,0.5,283,0.52,0.56
2026-01-13 16:04:59,599,"Bitcoin Up or Down - January 13, 3:00AM-3:15AM ET",price_change,DOWN,0.32,1068.38,0.44,0.45
2026-01-13 16:04:59,599,"Bitcoin Up or Down - January 13, 3:00AM-3:15AM ET",price_change,UP,0.54,407.5,0.55,0.56
2026-01-13 16:05:00,598,"Bitcoin Up or Down - January 13, 3:00AM-3:15AM ET",price_change,DOWN,0.42,871,0.43,0.45
2026-01-13 16:05:00,598,"Bitcoin Up or Down - January 13, 3:00AM-3:15AM ET",price_change,UP,0.54,387,0.55,0.57
2026-01-13 16:05:01,597,"Bitcoin Up or Down - January 13, 3:00AM-3:15AM ET",price_change,DOWN,0.01,19626.13,0.44,0.45
2026-01-13 16:05:01,597,"Bitcoin Up or Down - January 13, 3:00AM-3:15AM ET",price_change,UP,0.55,201.18,0.55,0.56
2026-01-13 16:05:02,596,"Bitcoin Up or Down - January 13, 3:00AM-3:15AM ET",price_change,DOWN,0.37,1075.55,0.44,0.45
2026-01-13 16:05:02,596,"Bitcoin Up or Down - January 13, 3:00AM-3:15AM ET",price_change,UP,0.55,618.41,0.55,0.56
2026-01-13 16:05:03,595,"Bitcoin Up or Down - January 13, 3:00AM-3:15AM ET",price_change,DOWN,0.4,275,0.42,0.44
2026-01-13 16:05:03,595,"Bitcoin Up or Down - January 13, 3:00AM-3:15AM ET",price_change,UP,0.55,1309.5,0.56,0.58
2026-01-13 16:05:04,594,"Bitcoin Up or Down - January 13, 3:00AM-3:15AM ET",price_change,DOWN,0.34,3062.35,0.41,0.42
2026-01-13 16:05:04,594,"Bitcoin Up or Down - January 13, 3:00AM-3:15AM ET",price_change,UP,0.55,1171,0.58,0.59
2026-01-13 16:05:05,593,"Bitcoin Up or Down - January 13, 3:00AM-3:15AM ET",price_change,UP,0.58,1217.76,0.58,0.59
2026-01-13 16:05:05,593,"Bitcoin Up or Down - January 13, 3:00AM-3:15AM ET",price_change,DOWN,0.4,1064,0.41,0.42
2026-01-13 16:05:06,592,"Bitcoin Up or Down - January 13, 3:00AM-3:15AM ET",price_change,DOWN,0.29,1120.3,0.41,0.42
2026-01-13 16:05:06,592,"Bitcoin Up or Down - January 13, 3:00AM-3:15AM ET",price_change,UP,0.54,1132.12,0.58,0.59
2026-01-13 16:05:07,591,"Bitcoin Up or Down - January 13, 3:00AM-3:15AM ET",price_change,UP,0.58,793.51,0.58,0.59
2026-01-13 16:05:07,591,"Bitcoin Up or Down - January 13, 3:00AM-3:15AM ET",price_change,DOWN,0.17,800.19,0.41,0.42
2026-01-13 16:05:08,590,"Bitcoin Up or Down - January 13, 3:00AM-3:15AM ET",price_change,UP,0.43,1021.3,0.58,0.59
2026-01-13 16:05:08,590,"Bitcoin Up or Down - January 13, 3:00AM-3:15AM ET",price_change,DOWN,0.39,923.63,0.41,0.42
2026-01-13 16:05:09,589,"Bitcoin Up or Down - January 13, 3:00AM-3:15AM ET",price_change,UP,0.48,812,0.58,0.59
2026-01-13 16:05:10,589,"Bitcoin Up or Down - January 13, 3:00AM-3:15AM ET",price_change,DOWN,0.34,3022.35,0.41,0.42
2026-01-13 16:05:10,588,"Bitcoin Up or Down - January 13, 3:00AM-3:15AM ET",price_change,UP,0.52,760,0.58,0.59
2026-01-13 16:05:10,588,"Bitcoin Up or Down - January 13, 3:00AM-3:15AM ET",price_change,DOWN,0.4,1162,0.41,0.42
2026-01-13 16:05:11,587,"Bitcoin Up or Down - January 13, 3:00AM-3:15AM ET",price_change,UP,0.57,68.48,0.58,0.59
2026-01-13 16:05:11,587,"Bitcoin Up or Down - January 13, 3:00AM-3:15AM ET",price_change,DOWN,0.41,1809.28,0.41,0.42
2026-01-13 16:05:12,586,"Bitcoin Up or Down - January 13, 3:00AM-3:15AM ET",price_change,DOWN,0.38,1073.63,0.43,0.44
2026-01-13 16:05:12,586,"Bitcoin Up or Down - January 13, 3:00AM-3:15AM ET",price_change,UP,0.49,4024.46,0.56,0.57
2026-01-13 16:05:13,585,"Bitcoin Up or Down - January 13, 3:00AM-3:15AM ET",price_change,DOWN,0.4,810,0.44,0.45
2026-01-13 16:05:13,585,"Bitcoin Up or Down - January 13, 3:00AM-3:15AM ET",price_change,UP,0.55,379.5,0.55,0.56
2026-01-13 16:05:14,584,"Bitcoin Up or Down - January 13, 3:00AM-3:15AM ET",price_change,DOWN,0.42,314.5,0.43,0.45
2026-01-13 16:05:14,584,"Bitcoin Up or Down - January 13, 3:00AM-3:15AM ET",price_change,UP,0.52,403.06,0.55,0.57
2026-01-13 16:05:15,583,"Bitcoin Up or Down - January 13, 3:00AM-3:15AM ET",price_change,UP,0.52,53.17,0.55,0.56
2026-01-13 16:05:15,583,"Bitcoin Up or Down - January 13, 3:00AM-3:15AM ET",price_change,DOWN,0.43,467.68,0.44,0.45
2026-01-13 16:05:16,582,"Bitcoin Up or Down - January 13, 3:00AM-3:15AM ET",price_change,DOWN,0.53,283.8,0.53,0.54
2026-01-13 16:05:16,582,"Bitcoin Up or Down - January 13, 3:00AM-3:15AM ET",price_change,UP,0.41,1040.79,0.46,0.47
2026-01-13 16:05:17,581,"Bitcoin Up or Down - January 13, 3:00AM-3:15AM ET",price_change,DOWN,0.53,229.3,0.53,0.54
2026-01-13 16:05:17,581,"Bitcoin Up or Down - January 13, 3:00AM-3:15AM ET",price_change,UP,0.36,1040.6,0.46,0.47
2026-01-13 16:05:18,580,"Bitcoin Up or Down - January 13, 3:00AM-3:15AM ET",price_change,DOWN,0.49,295,0.53,0.54
2026-01-13 16:05:18,580,"Bitcoin Up or Down - January 13, 3:00AM-3:15AM ET",price_change,UP,0.46,780.49,0.46,0.47
2026-01-13 16:05:19,579,"Bitcoin Up or Down - January 13, 3:00AM-3:15AM ET",price_change,DOWN,0.53,255.53,0.53,0.54
2026-01-13 16:05:19,579,"Bitcoin Up or Down - January 13, 3:00AM-3:15AM ET",price_change,UP,0.4,1110.9,0.46,0.47
2026-01-13 16:05:20,578,"Bitcoin Up or Down - January 13, 3:00AM-3:15AM ET",price_change,DOWN,0.42,755,0.53,0.54
2026-01-13 16:05:20,578,"Bitcoin Up or Down - January 13, 3:00AM-3:15AM ET",price_change,UP,0.24,807.1,0.46,0.47
2026-01-13 16:05:21,577,"Bitcoin Up or Down - January 13, 3:00AM-3:15AM ET",price_change,DOWN,0.5,884.06,0.53,0.54
2026-01-13 16:05:21,577,"Bitcoin Up or Down - January 13, 3:00AM-3:15AM ET",price_change,UP,0.46,537.43,0.46,0.47
2026-01-13 16:05:22,576,"Bitcoin Up or Down - January 13, 3:00AM-3:15AM ET",price_change,UP,0.45,1047,0.46,0.47
2026-01-13 16:05:22,576,"Bitcoin Up or Down - January 13, 3:00AM-3:15AM ET",price_change,DOWN,0.35,1062.78,0.53,0.54
2026-01-13 16:05:23,575,"Bitcoin Up or Down - January 13, 3:00AM-3:15AM ET",price_change,UP,0.4,1073.7,0.46,0.47
2026-01-13 16:05:23,575,"Bitcoin Up or Down - January 13, 3:00AM-3:15AM ET",price_change,DOWN,0.53,75.49,0.53,0.54
2026-01-13 16:05:24,574,"Bitcoin Up or Down - January 13, 3:00AM-3:15AM ET",price_change,UP,0.45,1202,0.46,0.47
2026-01-13 16:05:24,574,"Bitcoin Up or Down - January 13, 3:00AM-3:15AM ET",price_change,DOWN,0.52,935.84,0.53,0.54
2026-01-13 16:05:25,573,"Bitcoin Up or Down - January 13, 3:00AM-3:15AM ET",price_change,DOWN,0.5,869.06,0.53,0.54
2026-01-13 16:05:25,573,"Bitcoin Up or Down - January 13, 3:00AM-3:15AM ET",price_change,UP,0.44,1102.29,0.46,0.47
2026-01-13 16:05:26,572,"Bitcoin Up or Down - January 13, 3:00AM-3:15AM ET",price_change,UP,0.45,1271.38,0.46,0.47
2026-01-13 16:05:26,572,"Bitcoin Up or Down - January 13, 3:00AM-3:15AM ET",price_change,DOWN,0.35,1062.78,0.53,0.54
2026-01-13 16:05:27,571,"Bitcoin Up or Down - January 13, 3:00AM-3:15AM ET",price_change,UP,0.46,2483.16,0.46,0.47
2026-01-13 16:05:27,571,"Bitcoin Up or Down - January 13, 3:00AM-3:15AM ET",price_change,DOWN,0.5,901.06,0.53,0.54
2026-01-13 16:05:28,570,"Bitcoin Up or Down - January 13, 3:00AM-3:15AM ET",price_change,DOWN,0.46,800,0.53,0.54
2026-01-13 16:05:28,570,"Bitcoin Up or Down - January 13, 3:00AM-3:15AM ET",price_change,UP,0.46,2496.6,0.46,0.47
2026-01-13 16:05:29,569,"Bitcoin Up or Down - January 13, 3:00AM-3:15AM ET",price_change,UP,0.46,1964.6,0.46,0.47
2026-01-13 16:05:30,569,"Bitcoin Up or Down - January 13, 3:00AM-3:15AM ET",price_change,DOWN,0.47,1191,0.53,0.54
2026-01-13 16:05:30,568,"Bitcoin Up or Down - January 13, 3:00AM-3:15AM ET",price_change,UP,0.46,1045.7,0.46,0.47
