timestamp,left (real time),event,event_type,buy_pick,buy_price,buy_size,buy_best_bid,buy_best_ask
2026-01-13 23:48:56,664,"Bitcoin Up or Down - January 13, 10:45AM-11:00AM ET",price_change,UP,0.38,108.06,0.38,0.4
2026-01-13 23:48:56,664,"Bitcoin Up or Down - January 13, 10:45AM-11:00AM ET",price_change,DOWN,0.44,1564.04,0.6,0.62
2026-01-13 23:48:57,663,"Bitcoin Up or Down - January 13, 10:45AM-11:00AM ET",price_change,DOWN,0.38,1340.58,0.61,0.62
2026-01-13 23:48:57,663,"Bitcoin Up or Down - January 13, 10:45AM-11:00AM ET",price_change,UP,0.38,129.65,0.38,0.39
2026-01-13 23:48:58,662,"Bitcoin Up or Down - January 13, 10:45AM-11:00AM ET",price_change,UP,0.39,395.64,0.39,0.4
2026-01-13 23:48:58,662,"Bitcoin Up or Down - January 13, 10:45AM-11:00AM ET",price_change,DOWN,0.58,1356.46,0.6,0.61
2026-01-13 23:48:59,661,"Bitcoin Up or Down - January 13, 10:45AM-11:00AM ET",price_change,DOWN,0.6,2019.21,0.6,0.61
2026-01-13 23:48:59,661,"Bitcoin Up or Down - January 13, 10:45AM-11:00AM ET",price_change,UP,0.32,1197.17,0.39,0.4
2026-01-13 23:48:59,661,"Bitcoin Up or Down - January 13, 10:45AM-11:00AM ET",price_change,UP,0.36,1589.5,0.39,0.4
2026-01-13 23:48:59,661,"Bitcoin Up or Down - January 13, 10:45AM-11:00AM ET",price_change,DOWN,0.6,1996.21,0.6,0.61
2026-01-13 23:49:00,660,"Bitcoin Up or Down - January 13, 10:45AM-11:00AM ET",price_change,DOWN,0.6,2901.87,0.63,0.64
2026-01-13 23:49:00,660,"Bitcoin Up or Down - January 13, 10:45AM-11:00AM ET",price_change,UP,0.36,933.84,0.36,0.37
2026-01-13 23:49:01,659,"Bitcoin Up or Down - January 13, 10:45AM-11:00AM ET",price_change,UP,0.08,5129.7,0.36,0.37
2026-01-13 23:49:01,659,"Bitcoin Up or Down - January 13, 10:45AM-11:00AM ET",price_change,DOWN,0.05,5304.4,0.63,0.64
2026-01-13 23:49:02,658,"Bitcoin Up or Down - January 13, 10:45AM-11:00AM ET",price_change,DOWN,0.61,117.92,0.62,0.64
2026-01-13 23:49:02,658,"Bitcoin Up or Down - January 13, 10:45AM-11:00AM ET",price_change,UP,0.35,1348.23,0.36,0.38
2026-01-13 23:49:03,657,"Bitcoin Up or Down - January 13, 10:45AM-11:00AM ET",price_change,DOWN,0.61,763.5,0.61,0.62
2026-01-13 23:49:03,657,"Bitcoin Up or Down - January 13, 10:45AM-11:00AM ET",price_change,UP,0.29,1554.67,0.38,0.39
2026-01-13 23:49:04,656,"Bitcoin Up or Down - January 13, 10:45AM-11:00AM ET",price_change,UP,0.34,1546.06,0.39,0.4
2026-01-13 23:49:04,656,"Bitcoin Up or Down - January 13, 10:45AM-11:00AM ET",price_change,DOWN,0.48,1453.03,0.6,0.61
2026-01-13 23:49:05,655,"Bitcoin Up or Down - January 13, 10:45AM-11:00AM ET",price_change,DOWN,0.6,1956.97,0.6,0.61
2026-01-13 23:49:05,655,"Bitcoin Up or Down - January 13, 10:45AM-11:00AM ET",price_change,UP,0.32,1180.17,0.39,0.4
2026-01-13 23:49:06,654,"Bitcoin Up or Down - January 13, 10:45AM-11:00AM ET",price_change,UP,0.2,2236.64,0.37,0.38
2026-01-13 23:49:06,654,"Bitcoin Up or Down - January 13, 10:45AM-11:00AM ET",price_change,DOWN,0.6,1428.12,0.62,0.63
2026-01-13 23:49:07,653,"Bitcoin Up or Down - January 13, 10:45AM-11:00AM ET",price_change,UP,0.35,1072.83,0.35,0.36
2026-01-13 23:49:07,653,"Bitcoin Up or Down - January 13, 10:45AM-11:00AM ET",price_change,DOWN,0.6,1496.62,0.64,0.65
2026-01-13 23:49:08,652,"Bitcoin Up or Down - January 13, 10:45AM-11:00AM ET",price_change,DOWN,0.61,1829,0.64,0.65
2026-01-13 23:49:08,652,"Bitcoin Up or Down - January 13, 10:45AM-11:00AM ET",price_change,UP,0.29,1457.67,0.35,0.36
2026-01-13 23:49:09,651,"Bitcoin Up or Down - January 13, 10:45AM-11:00AM ET",price_change,DOWN,0.59,1603.06,0.63,0.64
2026-01-13 23:49:09,651,"Bitcoin Up or Down - January 13, 10:45AM-11:00AM ET",price_change,UP,0.33,2454.28,0.36,0.37
2026-01-13 23:49:10,650,"Bitcoin Up or Down - January 13, 10:45AM-11:00AM ET",price_change,DOWN,0.59,1323.06,0.63,0.64
2026-01-13 23:49:10,650,"Bitcoin Up or Down - January 13, 10:45AM-11:00AM ET",price_change,UP,0.28,1772.18,0.36,0.37
2026-01-13 23:49:11,649,"Bitcoin Up or Down - January 13, 10:45AM-11:00AM ET",price_change,UP,0.34,101.46,0.34,0.35
2026-01-13 23:49:11,649,"Bitcoin Up or Down - January 13, 10:45AM-11:00AM ET",price_change,DOWN,0.64,538,0.65,0.66
2026-01-13 23:49:12,648,"Bitcoin Up or Down - January 13, 10:45AM-11:00AM ET",price_change,DOWN,0.64,74.42,0.64,0.66
2026-01-13 23:49:12,648,"Bitcoin Up or Down - January 13, 10:45AM-11:00AM ET",price_change,UP,0.24,1472.78,0.34,0.36
2026-01-13 23:49:13,647,"Bitcoin Up or Down - January 13, 10:45AM-11:00AM ET",price_change,DOWN,0.63,1353.6,0.63,0.64
2026-01-13 23:49:13,647,"Bitcoin Up or Down - January 13, 10:45AM-11:00AM ET",price_change,UP,0.36,0,0.35,0.37
2026-01-13 23:49:14,646,"Bitcoin Up or Down - January 13, 10:45AM-11:00AM ET",price_change,DOWN,0.61,1676.42,0.63,0.64
2026-01-13 23:49:14,646,"Bitcoin Up or Down - January 13, 10:45AM-11:00AM ET",price_change,UP,0.36,164.39,0.36,0.37
2026-01-13 23:49:15,645,"Bitcoin Up or Down - January 13, 10:45AM-11:00AM ET",price_change,DOWN,0.63,3165.1,0.63,0.64
2026-01-13 23:49:15,645,"Bitcoin Up or Down - January 13, 10:45AM-11:00AM ET",price_change,UP,0.33,754,0.36,0.37
2026-01-13 23:49:16,644,"Bitcoin Up or Down - January 13, 10:45AM-11:00AM ET",price_change,UP,0.32,2915.92,0.35,0.36
2026-01-13 23:49:16,644,"Bitcoin Up or Down - January 13, 10:45AM-11:00AM ET",price_change,DOWN,0.62,1365.92,0.64,0.65
2026-01-13 23:49:17,643,"Bitcoin Up or Down - January 13, 10:45AM-11:00AM ET",price_change,UP,0.32,1472.92,0.35,0.36
2026-01-13 23:49:17,643,"Bitcoin Up or Down - January 13, 10:45AM-11:00AM ET",price_change,DOWN,0.63,2012.11,0.64,0.65
2026-01-13 23:49:18,642,"Bitcoin Up or Down - January 13, 10:45AM-11:00AM ET",price_change,UP,0.36,112.61,0.36,0.37
2026-01-13 23:49:18,642,"Bitcoin Up or Down - January 13, 10:45AM-11:00AM ET",price_change,DOWN,0.61,1581.42,0.63,0.64
2026-01-13 23:49:19,641,"Bitcoin Up or Down - January 13, 10:45AM-11:00AM ET",price_change,UP,0.3,1590.61,0.34,0.35
2026-01-13 23:49:19,641,"Bitcoin Up or Down - January 13, 10:45AM-11:00AM ET",price_change,DOWN,0.63,1347.78,0.65,0.66
2026-01-13 23:49:20,640,"Bitcoin Up or Down - January 13, 10:45AM-11:00AM ET",price_change,DOWN,0.64,1784,0.65,0.66
2026-01-13 23:49:20,640,"Bitcoin Up or Down - January 13, 10:45AM-11:00AM ET",price_change,UP,0.33,1295.91,0.34,0.35
2026-01-13 23:49:21,639,"Bitcoin Up or Down - January 13, 10:45AM-11:00AM ET",price_change,UP,0.32,1245.5,0.34,0.35
2026-01-13 23:49:21,639,"Bitcoin Up or Down - January 13, 10:45AM-11:00AM ET",price_change,DOWN,0.64,2694,0.65,0.66
2026-01-13 23:49:22,638,"Bitcoin Up or Down - January 13, 10:45AM-11:00AM ET",price_change,UP,0.32,908.5,0.34,0.35
2026-01-13 23:49:22,638,"Bitcoin Up or Down - January 13, 10:45AM-11:00AM ET",price_change,DOWN,0.65,1574.85,0.65,0.66
2026-01-13 23:49:23,637,"Bitcoin Up or Down - January 13, 10:45AM-11:00AM ET",price_change,DOWN,0.01,22541.34,0.66,0.67
2026-01-13 23:49:23,637,"Bitcoin Up or Down - January 13, 10:45AM-11:00AM ET",price_change,UP,0.26,1433.8,0.33,0.34
2026-01-13 23:49:24,636,"Bitcoin Up or Down - January 13, 10:45AM-11:00AM ET",price_change,UP,0.31,892.68,0.31,0.34
2026-01-13 23:49:24,636,"Bitcoin Up or Down - January 13, 10:45AM-11:00AM ET",price_change,DOWN,0.66,522.19,0.66,0.69
2026-01-13 23:49:25,635,"Bitcoin Up or Down - January 13, 10:45AM-11:00AM ET",price_change,DOWN,0.65,1952.62,0.68,0.69
2026-01-13 23:49:25,635,"Bitcoin Up or Down - January 13, 10:45AM-11:00AM ET",price_change,UP,0.31,2404.27,0.31,0.32
2026-01-13 23:49:26,634,"Bitcoin Up or Down - January 13, 10:45AM-11:00AM ET",price_change,DOWN,0.63,1000.38,0.63,0.64
2026-01-13 23:49:26,634,"Bitcoin Up or Down - January 13, 10:45AM-11:00AM ET",price_change,UP,0.23,1113.3,0.36,0.37
2026-01-13 23:49:27,633,"Bitcoin Up or Down - January 13, 10:45AM-11:00AM ET",price_change,DOWN,0.52,1709.06,0.64,0.65
2026-01-13 23:49:27,633,"Bitcoin Up or Down - January 13, 10:45AM-11:00AM ET",price_change,UP,0.23,1108.3,0.35,0.36
2026-01-13 23:49:28,632,"Bitcoin Up or Down - January 13, 10:45AM-11:00AM ET",price_change,UP,0.31,919.58,0.31,0.35
2026-01-13 23:49:28,632,"Bitcoin Up or Down - January 13, 10:45AM-11:00AM ET",price_change,DOWN,0.64,5012.37,0.65,0.69
2026-01-13 23:49:29,631,"Bitcoin Up or Down - January 13, 10:45AM-11:00AM ET",price_change,DOWN,0.66,346.13,0.67,0.68
2026-01-13 23:49:29,631,"Bitcoin Up or Down - January 13, 10:45AM-11:00AM ET",price_change,UP,0.32,94.5,0.32,0.33
2026-01-13 23:49:30,630,"Bitcoin Up or Down - January 13, 10:45AM-11:00AM ET",price_change,UP,0.31,857.5,0.31,0.32
2026-01-13 23:49:30,630,"Bitcoin Up or Down - January 13, 10:45AM-11:00AM ET",price_change,DOWN,0.67,1103.57,0.68,0.69
2026-01-13 23:49:31,629,"Bitcoin Up or Down - January 13, 10:45AM-11:00AM ET",price_change,DOWN,0.65,1602.92,0.68,0.69
2026-01-13 23:49:31,629,"Bitcoin Up or Down - January 13, 10:45AM-11:00AM ET",price_change,UP,0.25,1543.68,0.31,0.32
2026-01-13 23:49:32,628,"Bitcoin Up or Down - January 13, 10:45AM-11:00AM ET",price_change,DOWN,0.65,503.92,0.68,0.69
2026-01-13 23:49:32,628,"Bitcoin Up or Down - January 13, 10:45AM-11:00AM ET",price_change,UP,0.3,1132.46,0.31,0.32
2026-01-13 23:49:33,627,"Bitcoin Up or Down - January 13, 10:45AM-11:00AM ET",price_change,DOWN,0.65,1106,0.68,0.69
2026-01-13 23:49:33,627,"Bitcoin Up or Down - January 13, 10:45AM-11:00AM ET",price_change,UP,0.29,2958,0.31,0.32
2026-01-13 23:49:34,626,"Bitcoin Up or Down - January 13, 10:45AM-11:00AM ET",price_change,UP,0.32,127.61,0.32,0.33
2026-01-13 23:49:34,626,"Bitcoin Up or Down - January 13, 10:45AM-11:00AM ET",price_change,DOWN,0.64,2630.92,0.67,0.68
2026-01-13 23:49:35,625,"Bitcoin Up or Down - January 13, 10:45AM-11:00AM ET",price_change,DOWN,0.66,37,0.66,0.67
2026-01-13 23:49:35,625,"Bitcoin Up or Down - January 13, 10:45AM-11:00AM ET",price_change,UP,0.23,1434.3,0.33,0.34
2026-01-13 23:49:36,624,"Bitcoin Up or Down - January 13, 10:45AM-11:00AM ET",price_change,DOWN,0.57,1358,0.66,0.67
2026-01-13 23:49:36,624,"Bitcoin Up or Down - January 13, 10:45AM-11:00AM ET",price_change,UP,0.33,217.2,0.33,0.34
2026-01-13 23:49:37,623,"Bitcoin Up or Down - January 13, 10:45AM-11:00AM ET",price_change,UP,0.28,1767.93,0.33,0.34
2026-01-13 23:49:37,623,"Bitcoin Up or Down - January 13, 10:45AM-11:00AM ET",price_change,DOWN,0.57,1348,0.66,0.67
2026-01-13 23:49:38,622,"Bitcoin Up or Down - January 13, 10:45AM-11:00AM ET",price_change,DOWN,0.64,2081,0.66,0.67
2026-01-13 23:49:38,622,"Bitcoin Up or Down - January 13, 10:45AM-11:00AM ET",price_change,UP,0.32,406.92,0.33,0.34
2026-01-13 23:49:39,621,"Bitcoin Up or Down - January 13, 10:45AM-11:00AM ET",price_change,DOWN,0.61,1532.92,0.65,0.66
2026-01-13 23:49:39,621,"Bitcoin Up or Down - January 13, 10:45AM-11:00AM ET",price_change,UP,0.32,1611,0.34,0.35
2026-01-13 23:49:40,620,"Bitcoin Up or Down - January 13, 10:45AM-11:00AM ET",price_change,UP,0.35,194,0.35,0.36
2026-01-13 23:49:40,620,"Bitcoin Up or Down - January 13, 10:45AM-11:00AM ET",price_change,DOWN,0.56,1357.36,0.64,0.65
2026-01-13 23:49:41,619,"Bitcoin Up or Down - January 13, 10:45AM-11:00AM ET",price_change,DOWN,0.42,2102.3,0.64,0.65
2026-01-13 23:49:41,619,"Bitcoin Up or Down - January 13, 10:45AM-11:00AM ET",price_change,UP,0.23,1419.3,0.35,0.36
2026-01-13 23:49:42,618,"Bitcoin Up or Down - January 13, 10:45AM-11:00AM ET",price_change,UP,0.33,2781.42,0.34,0.35
2026-01-13 23:49:42,618,"Bitcoin Up or Down - January 13, 10:45AM-11:00AM ET",price_change,DOWN,0.55,1322,0.65,0.66
2026-01-13 23:49:43,617,"Bitcoin Up or Down - January 13, 10:45AM-11:00AM ET",price_change,UP,0.29,1662.69,0.35,0.36
2026-01-13 23:49:43,617,"Bitcoin Up or Down - January 13, 10:45AM-11:00AM ET",price_change,DOWN,0.64,3108.1,0.64,0.65
2026-01-13 23:49:44,616,"Bitcoin Up or Down - January 13, 10:45AM-11:00AM ET",price_change,DOWN,0.62,2666.92,0.65,0.66
2026-01-13 23:49:44,616,"Bitcoin Up or Down - January 13, 10:45AM-11:00AM ET",price_change,UP,0.29,1677.69,0.34,0.35
2026-01-13 23:49:45,615,"Bitcoin Up or Down - January 13, 10:45AM-11:00AM ET",price_change,UP,0.2,1055.24,0.32,0.33
2026-01-13 23:49:45,615,"Bitcoin Up or Down - January 13, 10:45AM-11:00AM ET",price_change,DOWN,0.67,328,0.67,0.68
2026-01-13 23:49:46,614,"Bitcoin Up or Down - January 13, 10:45AM-11:00AM ET",price_change,UP,0.31,2925.92,0.32,0.33
2026-01-13 23:49:46,614,"Bitcoin Up or Down - January 13, 10:45AM-11:00AM ET",price_change,DOWN,0.65,1872.34,0.67,0.68
2026-01-13 23:49:47,613,"Bitcoin Up or Down - January 13, 10:45AM-11:00AM ET",price_change,UP,0.3,1552.95,0.34,0.35
2026-01-13 23:49:47,613,"Bitcoin Up or Down - January 13, 10:45AM-11:00AM ET",price_change,DOWN,0.63,2751.92,0.65,0.66
2026-01-13 23:49:48,612,"Bitcoin Up or Down - January 13, 10:45AM-11:00AM ET",price_change,DOWN,0.64,1365.92,0.67,0.68
2026-01-13 23:49:48,612,"Bitcoin Up or Down - January 13, 10:45AM-11:00AM ET",price_change,UP,0.32,910.52,0.32,0.33
2026-01-13 23:49:49,611,"Bitcoin Up or Down - January 13, 10:45AM-11:00AM ET",price_change,UP,0.24,1613.71,0.33,0.34
2026-01-13 23:49:49,611,"Bitcoin Up or Down - January 13, 10:45AM-11:00AM ET",price_change,DOWN,0.63,2735.92,0.66,0.67
2026-01-13 23:49:50,610,"Bitcoin Up or Down - January 13, 10:45AM-11:00AM ET",price_change,UP,0.33,593.14,0.33,0.34
2026-01-13 23:49:50,610,"Bitcoin Up or Down - January 13, 10:45AM-11:00AM ET",price_change,DOWN,0.62,2042.92,0.66,0.67
2026-01-13 23:49:51,609,"Bitcoin Up or Down - January 13, 10:45AM-11:00AM ET",price_change,UP,0.29,1681.86,0.33,0.34
2026-01-13 23:49:51,609,"Bitcoin Up or Down - January 13, 10:45AM-11:00AM ET",price_change,DOWN,0.6,1369.26,0.66,0.67
2026-01-13 23:49:52,608,"Bitcoin Up or Down - January 13, 10:45AM-11:00AM ET",price_change,DOWN,0.64,1306,0.66,0.67
2026-01-13 23:49:52,608,"Bitcoin Up or Down - January 13, 10:45AM-11:00AM ET",price_change,UP,0.31,2780,0.33,0.34
2026-01-13 23:49:53,607,"Bitcoin Up or Down - January 13, 10:45AM-11:00AM ET",price_change,UP,0.33,1133.23,0.34,0.35
2026-01-13 23:49:53,607,"Bitcoin Up or Down - January 13, 10:45AM-11:00AM ET",price_change,DOWN,0.63,2728.92,0.65,0.67
2026-01-13 23:49:54,606,"Bitcoin Up or Down - January 13, 10:45AM-11:00AM ET",price_change,DOWN,0.65,1742.86,0.65,0.66
2026-01-13 23:49:54,606,"Bitcoin Up or Down - January 13, 10:45AM-11:00AM ET",price_change,UP,0.33,1267.73,0.34,0.35
2026-01-13 23:49:55,605,"Bitcoin Up or Down - January 13, 10:45AM-11:00AM ET",price_change,DOWN,0.57,1337,0.65,0.66
2026-01-13 23:49:55,605,"Bitcoin Up or Down - January 13, 10:45AM-11:00AM ET",price_change,UP,0.33,1452.23,0.34,0.35
2026-01-13 23:49:56,604,"Bitcoin Up or Down - January 13, 10:45AM-11:00AM ET",price_change,UP,0.34,1778.46,0.36,0.37
2026-01-13 23:49:56,604,"Bitcoin Up or Down - January 13, 10:45AM-11:00AM ET",price_change,DOWN,0.63,1326.6,0.63,0.64
2026-01-13 23:49:57,603,"Bitcoin Up or Down - January 13, 10:45AM-11:00AM ET",price_change,DOWN,0.66,1093.58,0.66,0.67
2026-01-13 23:49:57,603,"Bitcoin Up or Down - January 13, 10:45AM-11:00AM ET",price_change,UP,0.29,1640.92,0.33,0.34
2026-01-13 23:49:58,602,"Bitcoin Up or Down - January 13, 10:45AM-11:00AM ET",price_change,DOWN,0.64,2870.92,0.66,0.67
2026-01-13 23:49:58,602,"Bitcoin Up or Down - January 13, 10:45AM-11:00AM ET",price_change,UP,0.31,2740.92,0.33,0.34
2026-01-13 23:49:59,601,"Bitcoin Up or Down - January 13, 10:45AM-11:00AM ET",price_change,DOWN,0.64,2782.92,0.66,0.67
2026-01-13 23:49:59,601,"Bitcoin Up or Down - January 13, 10:45AM-11:00AM ET",price_change,UP,0.25,1617.58,0.33,0.34
2026-01-13 23:49:59,600,"Bitcoin Up or Down - January 13, 10:45AM-11:00AM ET",price_change,DOWN,0.66,98.45,0.66,0.67
2026-01-13 23:49:59,600,"Bitcoin Up or Down - January 13, 10:45AM-11:00AM ET",price_change,UP,0.32,1346.04,0.33,0.34
2026-01-13 23:50:00,600,"Bitcoin Up or Down - January 13, 10:45AM-11:00AM ET",price_change,UP,0.33,284.94,0.33,0.34
2026-01-13 23:50:00,600,"Bitcoin Up or Down - January 13, 10:45AM-11:00AM ET",price_change,DOWN,0.63,1966.6,0.66,0.67
2026-01-13 23:50:01,599,"Bitcoin Up or Down - January 13, 10:45AM-11:00AM ET",price_change,UP,0.31,1113.56,0.31,0.33
2026-01-13 23:50:01,599,"Bitcoin Up or Down - January 13, 10:45AM-11:00AM ET",price_change,DOWN,0.68,64,0.68,0.69
2026-01-13 23:50:02,598,"Bitcoin Up or Down - January 13, 10:45AM-11:00AM ET",price_change,UP,0.33,312.91,0.33,0.34
2026-01-13 23:50:02,598,"Bitcoin Up or Down - January 13, 10:45AM-11:00AM ET",price_change,DOWN,0.61,1626,0.66,0.67
2026-01-13 23:50:02,597,"Bitcoin Up or Down - January 13, 10:45AM-11:00AM ET",price_change,DOWN,0.65,43.7,0.65,0.67
2026-01-13 23:50:02,597,"Bitcoin Up or Down - January 13, 10:45AM-11:00AM ET",price_change,DOWN,0.65,1.7,0.65,0.67
2026-01-13 23:50:02,597,"Bitcoin Up or Down - January 13, 10:45AM-11:00AM ET",price_change,UP,0.33,1776.11,0.33,0.35
2026-01-13 23:50:02,597,"Bitcoin Up or Down - January 13, 10:45AM-11:00AM ET",price_change,DOWN,0.65,0.2,0.65,0.66
2026-01-13 23:50:02,597,"Bitcoin Up or Down - January 13, 10:45AM-11:00AM ET",price_change,UP,0.31,1723.53,0.34,0.35
2026-01-13 23:50:02,597,"Bitcoin Up or Down - January 13, 10:45AM-11:00AM ET",price_change,UP,0.32,888.13,0.34,0.36
2026-01-13 23:50:02,597,"Bitcoin Up or Down - January 13, 10:45AM-11:00AM ET",price_change,DOWN,0.6,2174.18,0.64,0.66
2026-01-13 23:50:02,597,"Bitcoin Up or Down - January 13, 10:45AM-11:00AM ET",price_change,UP,0.34,74.23,0.34,0.36
2026-01-13 23:50:02,597,"Bitcoin Up or Down - January 13, 10:45AM-11:00AM ET",price_change,DOWN,0.61,1497.63,0.64,0.66
2026-01-13 23:50:02,597,"Bitcoin Up or Down - January 13, 10:45AM-11:00AM ET",price_change,UP,0.34,66.23,0.34,0.36
2026-01-13 23:50:02,597,"Bitcoin Up or Down - January 13, 10:45AM-11:00AM ET",price_change,DOWN,0.63,41,0.64,0.66
2026-01-13 23:50:02,597,"Bitcoin Up or Down - January 13, 10:45AM-11:00AM ET",price_change,DOWN,0.61,1507.63,0.63,0.66
2026-01-13 23:50:02,597,"Bitcoin Up or Down - January 13, 10:45AM-11:00AM ET",price_change,UP,0.27,1452.72,0.34,0.37
2026-01-13 23:50:02,597,"Bitcoin Up or Down - January 13, 10:45AM-11:00AM ET",price_change,DOWN,0.63,6.52,0.63,0.66
2026-01-13 23:50:02,597,"Bitcoin Up or Down - January 13, 10:45AM-11:00AM ET",price_change,UP,0.32,712.74,0.34,0.37
2026-01-13 23:50:03,597,"Bitcoin Up or Down - January 13, 10:45AM-11:00AM ET",price_change,DOWN,0.51,1481.2,0.63,0.66
2026-01-13 23:50:03,597,"Bitcoin Up or Down - January 13, 10:45AM-11:00AM ET",price_change,UP,0.32,712.24,0.34,0.37
2026-01-13 23:50:03,596,"Bitcoin Up or Down - January 13, 10:45AM-11:00AM ET",price_change,UP,0.34,67.86,0.34,0.37
2026-01-13 23:50:03,596,"Bitcoin Up or Down - January 13, 10:45AM-11:00AM ET",price_change,DOWN,0.6,1981.18,0.63,0.66
2026-01-13 23:50:03,596,"Bitcoin Up or Down - January 13, 10:45AM-11:00AM ET",price_change,UP,0.28,1575.51,0.34,0.35
2026-01-13 23:50:03,596,"Bitcoin Up or Down - January 13, 10:45AM-11:00AM ET",price_change,DOWN,0.65,276.89,0.65,0.66
2026-01-13 23:50:03,596,"Bitcoin Up or Down - January 13, 10:45AM-11:00AM ET",price_change,DOWN,0.61,1652,0.65,0.67
2026-01-13 23:50:03,596,"Bitcoin Up or Down - January 13, 10:45AM-11:00AM ET",price_change,UP,0.33,241.78,0.33,0.35
2026-01-13 23:50:03,596,"Bitcoin Up or Down - January 13, 10:45AM-11:00AM ET",price_change,DOWN,0.61,1642,0.66,0.67
2026-01-13 23:50:03,596,"Bitcoin Up or Down - January 13, 10:45AM-11:00AM ET",price_change,UP,0.23,1469.3,0.33,0.34
2026-01-13 23:50:04,596,"Bitcoin Up or Down - January 13, 10:45AM-11:00AM ET",price_change,DOWN,0.65,1188.29,0.66,0.67
2026-01-13 23:50:04,596,"Bitcoin Up or Down - January 13, 10:45AM-11:00AM ET",price_change,UP,0.31,1227.45,0.33,0.34
2026-01-13 23:50:04,595,"Bitcoin Up or Down - January 13, 10:45AM-11:00AM ET",price_change,UP,0.24,1588.62,0.34,0.35
2026-01-13 23:50:04,595,"Bitcoin Up or Down - January 13, 10:45AM-11:00AM ET",price_change,DOWN,0.63,1834.44,0.65,0.66
2026-01-13 23:50:05,595,"Bitcoin Up or Down - January 13, 10:45AM-11:00AM ET",price_change,UP,0.27,1446.72,0.34,0.35
2026-01-13 23:50:05,595,"Bitcoin Up or Down - January 13, 10:45AM-11:00AM ET",price_change,DOWN,0.64,1261,0.65,0.66
2026-01-13 23:50:06,594,"Bitcoin Up or Down - January 13, 10:45AM-11:00AM ET",price_change,UP,0.31,1746.08,0.34,0.35
2026-01-13 23:50:06,594,"Bitcoin Up or Down - January 13, 10:45AM-11:00AM ET",price_change,DOWN,0.61,1417.41,0.65,0.66
2026-01-13 23:50:07,593,"Bitcoin Up or Down - January 13, 10:45AM-11:00AM ET",price_change,DOWN,0.61,1696.92,0.63,0.64
2026-01-13 23:50:07,593,"Bitcoin Up or Down - January 13, 10:45AM-11:00AM ET",price_change,UP,0.3,1587.46,0.36,0.37
2026-01-13 23:50:08,592,"Bitcoin Up or Down - January 13, 10:45AM-11:00AM ET",price_change,UP,0.18,2242.8,0.36,0.37
2026-01-13 23:50:08,592,"Bitcoin Up or Down - January 13, 10:45AM-11:00AM ET",price_change,DOWN,0.56,1350,0.63,0.64
2026-01-13 23:50:09,591,"Bitcoin Up or Down - January 13, 10:45AM-11:00AM ET",price_change,UP,0.35,955.92,0.37,0.38
2026-01-13 23:50:09,591,"Bitcoin Up or Down - January 13, 10:45AM-11:00AM ET",price_change,DOWN,0.58,1545.92,0.62,0.63
2026-01-13 23:50:10,590,"Bitcoin Up or Down - January 13, 10:45AM-11:00AM ET",price_change,UP,0.31,1408.53,0.38,0.39
2026-01-13 23:50:10,590,"Bitcoin Up or Down - January 13, 10:45AM-11:00AM ET",price_change,DOWN,0.38,1378.2,0.61,0.62
2026-01-13 23:50:10,589,"Bitcoin Up or Down - January 13, 10:45AM-11:00AM ET",price_change,DOWN,0.57,997.56,0.6,0.61
2026-01-13 23:50:10,589,"Bitcoin Up or Down - January 13, 10:45AM-11:00AM ET",price_change,UP,0.39,469.93,0.39,0.4
2026-01-13 23:50:10,589,"Bitcoin Up or Down - January 13, 10:45AM-11:00AM ET",price_change,DOWN,0.57,949.56,0.6,0.61
2026-01-13 23:50:10,589,"Bitcoin Up or Down - January 13, 10:45AM-11:00AM ET",price_change,UP,0.39,489.93,0.39,0.4
2026-01-13 23:50:10,589,"Bitcoin Up or Down - January 13, 10:45AM-11:00AM ET",price_change,UP,0.33,2178.5,0.39,0.4
2026-01-13 23:50:11,589,"Bitcoin Up or Down - January 13, 10:45AM-11:00AM ET",price_change,UP,0.4,49.26,0.4,0.41
2026-01-13 23:50:11,589,"Bitcoin Up or Down - January 13, 10:45AM-11:00AM ET",price_change,DOWN,0.6,0,0.59,0.6
2026-01-13 23:50:12,588,"Bitcoin Up or Down - January 13, 10:45AM-11:00AM ET",price_change,DOWN,0.57,901.58,0.57,0.58
2026-01-13 23:50:12,588,"Bitcoin Up or Down - January 13, 10:45AM-11:00AM ET",price_change,UP,0.31,1419.63,0.42,0.43
2026-01-13 23:50:13,587,"Bitcoin Up or Down - January 13, 10:45AM-11:00AM ET",price_change,DOWN,0.57,881.67,0.58,0.59
2026-01-13 23:50:13,587,"Bitcoin Up or Down - January 13, 10:45AM-11:00AM ET",price_change,UP,0.35,1188.4,0.41,0.42
2026-01-13 23:50:14,586,"Bitcoin Up or Down - January 13, 10:45AM-11:00AM ET",price_change,DOWN,0.5,1453,0.58,0.59
2026-01-13 23:50:14,586,"Bitcoin Up or Down - January 13, 10:45AM-11:00AM ET",price_change,UP,0.39,584.42,0.41,0.42
2026-01-13 23:50:15,585,"Bitcoin Up or Down - January 13, 10:45AM-11:00AM ET",price_change,UP,0.41,402.19,0.41,0.42
2026-01-13 23:50:15,585,"Bitcoin Up or Down - January 13, 10:45AM-11:00AM ET",price_change,DOWN,0.57,907,0.58,0.59
2026-01-13 23:50:16,584,"Bitcoin Up or Down - January 13, 10:45AM-11:00AM ET",price_change,UP,0.4,2577.92,0.41,0.42
2026-01-13 23:50:16,584,"Bitcoin Up or Down - January 13, 10:45AM-11:00AM ET",price_change,DOWN,0.58,404,0.58,0.59
2026-01-13 23:50:17,583,"Bitcoin Up or Down - January 13, 10:45AM-11:00AM ET",price_change,UP,0.38,3400,0.41,0.42
2026-01-13 23:50:17,583,"Bitcoin Up or Down - January 13, 10:45AM-11:00AM ET",price_change,DOWN,0.58,2110.74,0.58,0.59
2026-01-13 23:50:18,582,"Bitcoin Up or Down - January 13, 10:45AM-11:00AM ET",price_change,DOWN,0.58,183.22,0.58,0.59
2026-01-13 23:50:18,582,"Bitcoin Up or Down - January 13, 10:45AM-11:00AM ET",price_change,UP,0.39,1206.92,0.41,0.42
2026-01-13 23:50:19,581,"Bitcoin Up or Down - January 13, 10:45AM-11:00AM ET",price_change,UP,0.42,324.4,0.42,0.43
2026-01-13 23:50:19,581,"Bitcoin Up or Down - January 13, 10:45AM-11:00AM ET",price_change,DOWN,0.55,1497.61,0.57,0.58
2026-01-13 23:50:20,580,"Bitcoin Up or Down - January 13, 10:45AM-11:00AM ET",price_change,UP,0.36,1081,0.42,0.43
2026-01-13 23:50:20,580,"Bitcoin Up or Down - January 13, 10:45AM-11:00AM ET",price_change,DOWN,0.55,1365.11,0.57,0.58
2026-01-13 23:50:21,579,"Bitcoin Up or Down - January 13, 10:45AM-11:00AM ET",price_change,UP,0.39,1434.92,0.42,0.43
2026-01-13 23:50:21,579,"Bitcoin Up or Down - January 13, 10:45AM-11:00AM ET",price_change,DOWN,0.56,1062.28,0.57,0.58
2026-01-13 23:50:22,578,"Bitcoin Up or Down - January 13, 10:45AM-11:00AM ET",price_change,UP,0.41,1769.25,0.42,0.43
2026-01-13 23:50:22,578,"Bitcoin Up or Down - January 13, 10:45AM-11:00AM ET",price_change,DOWN,0.57,1000.94,0.57,0.58
2026-01-13 23:50:23,577,"Bitcoin Up or Down - January 13, 10:45AM-11:00AM ET",price_change,UP,0.38,3471.92,0.42,0.43
2026-01-13 23:50:23,577,"Bitcoin Up or Down - January 13, 10:45AM-11:00AM ET",price_change,DOWN,0.55,1559.59,0.57,0.58
2026-01-13 23:50:24,576,"Bitcoin Up or Down - January 13, 10:45AM-11:00AM ET",price_change,DOWN,0.55,1534.59,0.58,0.59
2026-01-13 23:50:24,576,"Bitcoin Up or Down - January 13, 10:45AM-11:00AM ET",price_change,UP,0.37,1192.23,0.41,0.42
2026-01-13 23:50:25,575,"Bitcoin Up or Down - January 13, 10:45AM-11:00AM ET",price_change,DOWN,0.55,1369.92,0.57,0.58
2026-01-13 23:50:25,575,"Bitcoin Up or Down - January 13, 10:45AM-11:00AM ET",price_change,UP,0.32,1268.16,0.42,0.43
2026-01-13 23:50:26,574,"Bitcoin Up or Down - January 13, 10:45AM-11:00AM ET",price_change,DOWN,0.49,1371.43,0.58,0.59
2026-01-13 23:50:26,574,"Bitcoin Up or Down - January 13, 10:45AM-11:00AM ET",price_change,UP,0.41,1195.97,0.41,0.42
2026-01-13 23:50:27,573,"Bitcoin Up or Down - January 13, 10:45AM-11:00AM ET",price_change,UP,0.38,1076,0.41,0.42
2026-01-13 23:50:27,573,"Bitcoin Up or Down - January 13, 10:45AM-11:00AM ET",price_change,DOWN,0.56,937.95,0.58,0.59
2026-01-13 23:50:28,572,"Bitcoin Up or Down - January 13, 10:45AM-11:00AM ET",price_change,UP,0.4,2739.58,0.41,0.42
2026-01-13 23:50:28,572,"Bitcoin Up or Down - January 13, 10:45AM-11:00AM ET",price_change,DOWN,0.54,1286.91,0.58,0.59
2026-01-13 23:50:29,571,"Bitcoin Up or Down - January 13, 10:45AM-11:00AM ET",price_change,UP,0.41,3232.63,0.42,0.43
2026-01-13 23:50:29,571,"Bitcoin Up or Down - January 13, 10:45AM-11:00AM ET",price_change,DOWN,0.46,1482.2,0.57,0.58
2026-01-13 23:50:30,570,"Bitcoin Up or Down - January 13, 10:45AM-11:00AM ET",price_change,DOWN,0.5,1334,0.54,0.55
2026-01-13 23:50:30,570,"Bitcoin Up or Down - January 13, 10:45AM-11:00AM ET",price_change,UP,0.45,49.5,0.45,0.46
2026-01-13 23:50:31,569,"Bitcoin Up or Down - January 13, 10:45AM-11:00AM ET",price_change,DOWN,0.51,1531.92,0.55,0.56
2026-01-13 23:50:31,569,"Bitcoin Up or Down - January 13, 10:45AM-11:00AM ET",price_change,UP,0.38,1453.92,0.44,0.45
2026-01-13 23:50:32,568,"Bitcoin Up or Down - January 13, 10:45AM-11:00AM ET",price_change,UP,0.38,1559.42,0.44,0.45
2026-01-13 23:50:32,568,"Bitcoin Up or Down - January 13, 10:45AM-11:00AM ET",price_change,DOWN,0.54,926.81,0.55,0.56
2026-01-13 23:50:33,567,"Bitcoin Up or Down - January 13, 10:45AM-11:00AM ET",price_change,DOWN,0.56,1450.59,0.56,0.57
2026-01-13 23:50:33,567,"Bitcoin Up or Down - January 13, 10:45AM-11:00AM ET",price_change,UP,0.4,1262.58,0.43,0.44
2026-01-13 23:50:34,566,"Bitcoin Up or Down - January 13, 10:45AM-11:00AM ET",price_change,DOWN,0.53,1496.92,0.56,0.57
2026-01-13 23:50:34,566,"Bitcoin Up or Down - January 13, 10:45AM-11:00AM ET",price_change,UP,0.38,1584.92,0.43,0.44
2026-01-13 23:50:35,565,"Bitcoin Up or Down - January 13, 10:45AM-11:00AM ET",price_change,DOWN,0.53,1472.92,0.56,0.57
2026-01-13 23:50:35,565,"Bitcoin Up or Down - January 13, 10:45AM-11:00AM ET",price_change,UP,0.43,251.72,0.43,0.44
2026-01-13 23:50:36,564,"Bitcoin Up or Down - January 13, 10:45AM-11:00AM ET",price_change,DOWN,0.56,1282.56,0.56,0.57
2026-01-13 23:50:36,564,"Bitcoin Up or Down - January 13, 10:45AM-11:00AM ET",price_change,UP,0.43,83.25,0.43,0.44
2026-01-13 23:50:37,563,"Bitcoin Up or Down - January 13, 10:45AM-11:00AM ET",price_change,UP,0.43,172.5,0.43,0.44
2026-01-13 23:50:37,563,"Bitcoin Up or Down - January 13, 10:45AM-11:00AM ET",price_change,DOWN,0.54,1015.92,0.56,0.57
2026-01-13 23:50:38,562,"Bitcoin Up or Down - January 13, 10:45AM-11:00AM ET",price_change,DOWN,0.53,3171.92,0.56,0.57
2026-01-13 23:50:38,562,"Bitcoin Up or Down - January 13, 10:45AM-11:00AM ET",price_change,UP,0.43,221.22,0.43,0.44
2026-01-13 23:50:39,561,"Bitcoin Up or Down - January 13, 10:45AM-11:00AM ET",price_change,DOWN,0.54,1065.92,0.56,0.57
2026-01-13 23:50:39,561,"Bitcoin Up or Down - January 13, 10:45AM-11:00AM ET",price_change,UP,0.38,1581.92,0.43,0.44
2026-01-13 23:50:40,560,"Bitcoin Up or Down - January 13, 10:45AM-11:00AM ET",price_change,DOWN,0.56,4264.31,0.57,0.58
2026-01-13 23:50:40,560,"Bitcoin Up or Down - January 13, 10:45AM-11:00AM ET",price_change,UP,0.28,1449.01,0.42,0.43
2026-01-13 23:50:41,559,"Bitcoin Up or Down - January 13, 10:45AM-11:00AM ET",price_change,UP,0.38,670.42,0.41,0.42
2026-01-13 23:50:41,559,"Bitcoin Up or Down - January 13, 10:45AM-11:00AM ET",price_change,DOWN,0.58,1733.87,0.58,0.59
2026-01-13 23:50:42,558,"Bitcoin Up or Down - January 13, 10:45AM-11:00AM ET",price_change,UP,0.41,214.64,0.41,0.42
2026-01-13 23:50:42,558,"Bitcoin Up or Down - January 13, 10:45AM-11:00AM ET",price_change,DOWN,0.58,1765.86,0.58,0.59
2026-01-13 23:50:43,557,"Bitcoin Up or Down - January 13, 10:45AM-11:00AM ET",price_change,DOWN,0.58,4582.36,0.59,0.6
2026-01-13 23:50:43,557,"Bitcoin Up or Down - January 13, 10:45AM-11:00AM ET",price_change,UP,0.35,1522.91,0.4,0.41
2026-01-13 23:50:44,556,"Bitcoin Up or Down - January 13, 10:45AM-11:00AM ET",price_change,DOWN,0.61,2035.17,0.62,0.63
2026-01-13 23:50:44,556,"Bitcoin Up or Down - January 13, 10:45AM-11:00AM ET",price_change,UP,0.36,238,0.37,0.38
2026-01-13 23:50:45,555,"Bitcoin Up or Down - January 13, 10:45AM-11:00AM ET",price_change,DOWN,0.58,2486.92,0.61,0.62
2026-01-13 23:50:45,555,"Bitcoin Up or Down - January 13, 10:45AM-11:00AM ET",price_change,UP,0.38,151.66,0.38,0.39
2026-01-13 23:50:46,554,"Bitcoin Up or Down - January 13, 10:45AM-11:00AM ET",price_change,DOWN,0.59,1091.7,0.61,0.62
2026-01-13 23:50:46,554,"Bitcoin Up or Down - January 13, 10:45AM-11:00AM ET",price_change,UP,0.37,185.42,0.38,0.39
2026-01-13 23:50:47,553,"Bitcoin Up or Down - January 13, 10:45AM-11:00AM ET",price_change,DOWN,0.56,1867.5,0.59,0.6
2026-01-13 23:50:47,553,"Bitcoin Up or Down - January 13, 10:45AM-11:00AM ET",price_change,UP,0.4,533.33,0.4,0.41
2026-01-13 23:50:48,552,"Bitcoin Up or Down - January 13, 10:45AM-11:00AM ET",price_change,DOWN,0.58,777.81,0.58,0.59
2026-01-13 23:50:48,552,"Bitcoin Up or Down - January 13, 10:45AM-11:00AM ET",price_change,UP,0.4,2862.86,0.41,0.42
2026-01-13 23:50:49,551,"Bitcoin Up or Down - January 13, 10:45AM-11:00AM ET",price_change,UP,0.37,360,0.42,0.43
2026-01-13 23:50:49,551,"Bitcoin Up or Down - January 13, 10:45AM-11:00AM ET",price_change,DOWN,0.35,1759.9,0.57,0.58
2026-01-13 23:50:50,550,"Bitcoin Up or Down - January 13, 10:45AM-11:00AM ET",price_change,UP,0.4,3808.92,0.42,0.43
2026-01-13 23:50:50,550,"Bitcoin Up or Down - January 13, 10:45AM-11:00AM ET",price_change,DOWN,0.57,718.02,0.57,0.58
2026-01-13 23:50:51,549,"Bitcoin Up or Down - January 13, 10:45AM-11:00AM ET",price_change,DOWN,0.51,1392,0.57,0.58
2026-01-13 23:50:51,549,"Bitcoin Up or Down - January 13, 10:45AM-11:00AM ET",price_change,UP,0.32,1519.16,0.42,0.43
2026-01-13 23:50:52,548,"Bitcoin Up or Down - January 13, 10:45AM-11:00AM ET",price_change,DOWN,0.55,2255,0.57,0.58
2026-01-13 23:50:52,548,"Bitcoin Up or Down - January 13, 10:45AM-11:00AM ET",price_change,UP,0.42,55.48,0.42,0.43
2026-01-13 23:50:53,547,"Bitcoin Up or Down - January 13, 10:45AM-11:00AM ET",price_change,UP,0.34,1443.8,0.42,0.43
2026-01-13 23:50:53,547,"Bitcoin Up or Down - January 13, 10:45AM-11:00AM ET",price_change,DOWN,0.54,1192.92,0.57,0.58
2026-01-13 23:50:54,546,"Bitcoin Up or Down - January 13, 10:45AM-11:00AM ET",price_change,DOWN,0.55,2287.39,0.57,0.58
2026-01-13 23:50:54,546,"Bitcoin Up or Down - January 13, 10:45AM-11:00AM ET",price_change,UP,0.37,1241.92,0.42,0.43
2026-01-13 23:50:55,545,"Bitcoin Up or Down - January 13, 10:45AM-11:00AM ET",price_change,UP,0.42,57,0.42,0.43
2026-01-13 23:50:55,545,"Bitcoin Up or Down - January 13, 10:45AM-11:00AM ET",price_change,DOWN,0.45,1453.29,0.57,0.58
2026-01-13 23:50:56,544,"Bitcoin Up or Down - January 13, 10:45AM-11:00AM ET",price_change,DOWN,0.54,1212.92,0.57,0.58
2026-01-13 23:50:56,544,"Bitcoin Up or Down - January 13, 10:45AM-11:00AM ET",price_change,UP,0.42,74.21,0.42,0.43
2026-01-13 23:50:57,543,"Bitcoin Up or Down - January 13, 10:45AM-11:00AM ET",price_change,DOWN,0.56,783.42,0.56,0.58
2026-01-13 23:50:57,543,"Bitcoin Up or Down - January 13, 10:45AM-11:00AM ET",price_change,UP,0.41,1228.8,0.42,0.44
2026-01-13 23:50:58,542,"Bitcoin Up or Down - January 13, 10:45AM-11:00AM ET",price_change,UP,0.35,1347.69,0.43,0.44
2026-01-13 23:50:58,542,"Bitcoin Up or Down - January 13, 10:45AM-11:00AM ET",price_change,DOWN,0.33,1387.61,0.56,0.57
2026-01-13 23:50:59,541,"Bitcoin Up or Down - January 13, 10:45AM-11:00AM ET",price_change,DOWN,0.54,1050,0.55,0.56
2026-01-13 23:50:59,541,"Bitcoin Up or Down - January 13, 10:45AM-11:00AM ET",price_change,UP,0.44,242.01,0.44,0.45
2026-01-13 23:51:00,540,"Bitcoin Up or Down - January 13, 10:45AM-11:00AM ET",price_change,UP,0.44,799.32,0.44,0.45
2026-01-13 23:51:00,540,"Bitcoin Up or Down - January 13, 10:45AM-11:00AM ET",price_change,DOWN,0.51,1768.92,0.55,0.56
2026-01-13 23:51:01,539,"Bitcoin Up or Down - January 13, 10:45AM-11:00AM ET",price_change,UP,0.44,100.01,0.44,0.45
2026-01-13 23:51:01,539,"Bitcoin Up or Down - January 13, 10:45AM-11:00AM ET",price_change,DOWN,0.3,1450.48,0.55,0.56
2026-01-13 23:51:02,538,"Bitcoin Up or Down - January 13, 10:45AM-11:00AM ET",price_change,DOWN,0.55,1759.29,0.55,0.56
2026-01-13 23:51:02,538,"Bitcoin Up or Down - January 13, 10:45AM-11:00AM ET",price_change,UP,0.44,62.34,0.44,0.45
2026-01-13 23:51:03,537,"Bitcoin Up or Down - January 13, 10:45AM-11:00AM ET",price_change,DOWN,0.54,1141.92,0.56,0.57
2026-01-13 23:51:03,537,"Bitcoin Up or Down - January 13, 10:45AM-11:00AM ET",price_change,UP,0.12,62.3,0.43,0.44
2026-01-13 23:51:04,536,"Bitcoin Up or Down - January 13, 10:45AM-11:00AM ET",price_change,UP,0.39,1503.92,0.44,0.45
2026-01-13 23:51:04,536,"Bitcoin Up or Down - January 13, 10:45AM-11:00AM ET",price_change,DOWN,0.53,1031,0.55,0.56
2026-01-13 23:51:05,535,"Bitcoin Up or Down - January 13, 10:45AM-11:00AM ET",price_change,UP,0.43,1357.28,0.43,0.44
2026-01-13 23:51:05,535,"Bitcoin Up or Down - January 13, 10:45AM-11:00AM ET",price_change,DOWN,0.46,1457.2,0.56,0.57
2026-01-13 23:51:06,534,"Bitcoin Up or Down - January 13, 10:45AM-11:00AM ET",price_change,DOWN,0.53,1434.92,0.56,0.57
2026-01-13 23:51:06,534,"Bitcoin Up or Down - January 13, 10:45AM-11:00AM ET",price_change,UP,0.37,1071,0.43,0.44
2026-01-13 23:51:06,533,"Bitcoin Up or Down - January 13, 10:45AM-11:00AM ET",price_change,DOWN,0.56,1871.27,0.56,0.57
2026-01-13 23:51:06,533,"Bitcoin Up or Down - January 13, 10:45AM-11:00AM ET",price_change,UP,0.41,1218.3,0.43,0.44
2026-01-13 23:51:07,533,"Bitcoin Up or Down - January 13, 10:45AM-11:00AM ET",price_change,DOWN,0.55,1465.63,0.56,0.57
2026-01-13 23:51:07,533,"Bitcoin Up or Down - January 13, 10:45AM-11:00AM ET",price_change,UP,0.4,1194.92,0.43,0.44
2026-01-13 23:51:08,532,"Bitcoin Up or Down - January 13, 10:45AM-11:00AM ET",price_change,DOWN,0.54,1093,0.56,0.57
2026-01-13 23:51:08,532,"Bitcoin Up or Down - January 13, 10:45AM-11:00AM ET",price_change,UP,0.43,2414.15,0.43,0.44
2026-01-13 23:51:09,531,"Bitcoin Up or Down - January 13, 10:45AM-11:00AM ET",price_change,DOWN,0.55,1457.77,0.56,0.57
2026-01-13 23:51:09,531,"Bitcoin Up or Down - January 13, 10:45AM-11:00AM ET",price_change,UP,0.39,1538.42,0.43,0.44
2026-01-13 23:51:10,530,"Bitcoin Up or Down - January 13, 10:45AM-11:00AM ET",price_change,DOWN,0.56,56.23,0.56,0.57
2026-01-13 23:51:10,530,"Bitcoin Up or Down - January 13, 10:45AM-11:00AM ET",price_change,UP,0.43,253.2,0.43,0.44
2026-01-13 23:51:11,529,"Bitcoin Up or Down - January 13, 10:45AM-11:00AM ET",price_change,DOWN,0.53,1332.92,0.55,0.56
2026-01-13 23:51:11,529,"Bitcoin Up or Down - January 13, 10:45AM-11:00AM ET",price_change,UP,0.36,2494.54,0.44,0.45
2026-01-13 23:51:12,528,"Bitcoin Up or Down - January 13, 10:45AM-11:00AM ET",price_change,UP,0.4,89.8,0.4,0.42
2026-01-13 23:51:12,528,"Bitcoin Up or Down - January 13, 10:45AM-11:00AM ET",price_change,DOWN,0.55,1732.33,0.58,0.6
2026-01-13 23:51:13,527,"Bitcoin Up or Down - January 13, 10:45AM-11:00AM ET",price_change,DOWN,0.59,279.05,0.59,0.6
2026-01-13 23:51:13,527,"Bitcoin Up or Down - January 13, 10:45AM-11:00AM ET",price_change,UP,0.39,2196.77,0.4,0.41
2026-01-13 23:51:14,526,"Bitcoin Up or Down - January 13, 10:45AM-11:00AM ET",price_change,DOWN,0.58,226.5,0.6,0.61
2026-01-13 23:51:14,526,"Bitcoin Up or Down - January 13, 10:45AM-11:00AM ET",price_change,UP,0.39,2557.19,0.39,0.4
2026-01-13 23:51:14,526,"Bitcoin Up or Down - January 13, 10:45AM-11:00AM ET",price_change,UP,0.33,1456,0.39,0.4
2026-01-13 23:51:14,526,"Bitcoin Up or Down - January 13, 10:45AM-11:00AM ET",price_change,DOWN,0.57,1037.41,0.6,0.61
2026-01-13 23:51:15,525,"Bitcoin Up or Down - January 13, 10:45AM-11:00AM ET",price_change,UP,0.38,1576.2,0.39,0.4
2026-01-13 23:51:15,525,"Bitcoin Up or Down - January 13, 10:45AM-11:00AM ET",price_change,DOWN,0.49,1417.43,0.6,0.61
2026-01-13 23:51:16,524,"Bitcoin Up or Down - January 13, 10:45AM-11:00AM ET",price_change,DOWN,0.55,49.61,0.55,0.57
2026-01-13 23:51:16,524,"Bitcoin Up or Down - January 13, 10:45AM-11:00AM ET",price_change,UP,0.43,54.15,0.43,0.45
2026-01-13 23:51:17,523,"Bitcoin Up or Down - January 13, 10:45AM-11:00AM ET",price_change,DOWN,0.56,44.74,0.56,0.57
2026-01-13 23:51:17,523,"Bitcoin Up or Down - January 13, 10:45AM-11:00AM ET",price_change,UP,0.39,2189.92,0.43,0.44
2026-01-13 23:51:18,522,"Bitcoin Up or Down - January 13, 10:45AM-11:00AM ET",price_change,UP,0.38,1485.82,0.42,0.43
2026-01-13 23:51:18,522,"Bitcoin Up or Down - January 13, 10:45AM-11:00AM ET",price_change,DOWN,0.51,1387,0.57,0.58
2026-01-13 23:51:19,521,"Bitcoin Up or Down - January 13, 10:45AM-11:00AM ET",price_change,DOWN,0.6,427.69,0.6,0.61
2026-01-13 23:51:19,521,"Bitcoin Up or Down - January 13, 10:45AM-11:00AM ET",price_change,UP,0.39,49.91,0.39,0.4
2026-01-13 23:51:20,520,"Bitcoin Up or Down - January 13, 10:45AM-11:00AM ET",price_change,DOWN,0.58,2251.3,0.62,0.63
2026-01-13 23:51:20,520,"Bitcoin Up or Down - January 13, 10:45AM-11:00AM ET",price_change,UP,0.36,1357.77,0.37,0.38
2026-01-13 23:51:21,519,"Bitcoin Up or Down - January 13, 10:45AM-11:00AM ET",price_change,DOWN,0.61,516.9,0.62,0.63
2026-01-13 23:51:21,519,"Bitcoin Up or Down - January 13, 10:45AM-11:00AM ET",price_change,UP,0.34,1258.41,0.37,0.38
2026-01-13 23:51:22,518,"Bitcoin Up or Down - January 13, 10:45AM-11:00AM ET",price_change,DOWN,0.64,40.44,0.64,0.65
2026-01-13 23:51:22,518,"Bitcoin Up or Down - January 13, 10:45AM-11:00AM ET",price_change,UP,0.35,827.62,0.35,0.36
2026-01-13 23:51:23,517,"Bitcoin Up or Down - January 13, 10:45AM-11:00AM ET",price_change,UP,0.33,1209.91,0.35,0.36
2026-01-13 23:51:23,517,"Bitcoin Up or Down - January 13, 10:45AM-11:00AM ET",price_change,DOWN,0.62,559.5,0.64,0.65
2026-01-13 23:51:24,516,"Bitcoin Up or Down - January 13, 10:45AM-11:00AM ET",price_change,UP,0.32,1322.07,0.34,0.35
2026-01-13 23:51:24,516,"Bitcoin Up or Down - January 13, 10:45AM-11:00AM ET",price_change,DOWN,0.64,1134.1,0.65,0.66
2026-01-13 23:51:25,515,"Bitcoin Up or Down - January 13, 10:45AM-11:00AM ET",price_change,UP,0.29,1782.92,0.33,0.34
2026-01-13 23:51:25,515,"Bitcoin Up or Down - January 13, 10:45AM-11:00AM ET",price_change,DOWN,0.61,2010.92,0.66,0.67
2026-01-13 23:51:26,514,"Bitcoin Up or Down - January 13, 10:45AM-11:00AM ET",price_change,DOWN,0.66,881,0.66,0.67
2026-01-13 23:51:26,514,"Bitcoin Up or Down - January 13, 10:45AM-11:00AM ET",price_change,UP,0.26,1440.96,0.33,0.34
2026-01-13 23:51:27,513,"Bitcoin Up or Down - January 13, 10:45AM-11:00AM ET",price_change,DOWN,0.64,2174.02,0.65,0.66
2026-01-13 23:51:27,513,"Bitcoin Up or Down - January 13, 10:45AM-11:00AM ET",price_change,UP,0.18,2242.8,0.34,0.35
2026-01-13 23:51:28,512,"Bitcoin Up or Down - January 13, 10:45AM-11:00AM ET",price_change,DOWN,0.62,1423.92,0.65,0.67
2026-01-13 23:51:28,512,"Bitcoin Up or Down - January 13, 10:45AM-11:00AM ET",price_change,UP,0.28,1557.01,0.33,0.35
2026-01-13 23:51:29,511,"Bitcoin Up or Down - January 13, 10:45AM-11:00AM ET",price_change,UP,0.32,1412.66,0.33,0.34
2026-01-13 23:51:29,511,"Bitcoin Up or Down - January 13, 10:45AM-11:00AM ET",price_change,DOWN,0.66,115.91,0.66,0.67
2026-01-13 23:51:30,510,"Bitcoin Up or Down - January 13, 10:45AM-11:00AM ET",price_change,DOWN,0.66,460.77,0.66,0.67
2026-01-13 23:51:30,510,"Bitcoin Up or Down - January 13, 10:45AM-11:00AM ET",price_change,UP,0.23,1623.3,0.33,0.34
2026-01-13 23:51:31,509,"Bitcoin Up or Down - January 13, 10:45AM-11:00AM ET",price_change,DOWN,0.61,1600.5,0.67,0.68
2026-01-13 23:51:31,509,"Bitcoin Up or Down - January 13, 10:45AM-11:00AM ET",price_change,UP,0.32,172.14,0.32,0.33
2026-01-13 23:51:32,508,"Bitcoin Up or Down - January 13, 10:45AM-11:00AM ET",price_change,UP,0.32,0,0.31,0.33
2026-01-13 23:51:32,508,"Bitcoin Up or Down - January 13, 10:45AM-11:00AM ET",price_change,DOWN,0.67,2707.62,0.67,0.69
2026-01-13 23:51:33,507,"Bitcoin Up or Down - January 13, 10:45AM-11:00AM ET",price_change,UP,0.26,1285.88,0.3,0.31
2026-01-13 23:51:33,507,"Bitcoin Up or Down - January 13, 10:45AM-11:00AM ET",price_change,DOWN,0.61,1375.5,0.69,0.7
2026-01-13 23:51:34,506,"Bitcoin Up or Down - January 13, 10:45AM-11:00AM ET",price_change,DOWN,0.69,4422.2,0.69,0.7
2026-01-13 23:51:34,506,"Bitcoin Up or Down - January 13, 10:45AM-11:00AM ET",price_change,UP,0.26,1108.96,0.3,0.31
2026-01-13 23:51:35,505,"Bitcoin Up or Down - January 13, 10:45AM-11:00AM ET",price_change,UP,0.28,827.46,0.28,0.29
2026-01-13 23:51:35,505,"Bitcoin Up or Down - January 13, 10:45AM-11:00AM ET",price_change,DOWN,0.69,4116.95,0.71,0.72
2026-01-13 23:51:36,504,"Bitcoin Up or Down - January 13, 10:45AM-11:00AM ET",price_change,DOWN,0.67,1556.39,0.71,0.72
2026-01-13 23:51:36,504,"Bitcoin Up or Down - January 13, 10:45AM-11:00AM ET",price_change,UP,0.21,1504.6,0.28,0.29
2026-01-13 23:51:37,503,"Bitcoin Up or Down - January 13, 10:45AM-11:00AM ET",price_change,DOWN,0.65,1367,0.71,0.72
2026-01-13 23:51:37,503,"Bitcoin Up or Down - January 13, 10:45AM-11:00AM ET",price_change,UP,0.1,5114.4,0.28,0.29
2026-01-13 23:51:38,502,"Bitcoin Up or Down - January 13, 10:45AM-11:00AM ET",price_change,DOWN,0.68,2101,0.71,0.72
2026-01-13 23:51:38,502,"Bitcoin Up or Down - January 13, 10:45AM-11:00AM ET",price_change,UP,0.27,1329.62,0.28,0.29
2026-01-13 23:51:39,501,"Bitcoin Up or Down - January 13, 10:45AM-11:00AM ET",price_change,DOWN,0.68,1175,0.68,0.71
2026-01-13 23:51:39,501,"Bitcoin Up or Down - January 13, 10:45AM-11:00AM ET",price_change,UP,0.09,5094.01,0.29,0.32
2026-01-13 23:51:40,500,"Bitcoin Up or Down - January 13, 10:45AM-11:00AM ET",price_change,DOWN,0.68,13.5,0.68,0.69
2026-01-13 23:51:40,500,"Bitcoin Up or Down - January 13, 10:45AM-11:00AM ET",price_change,UP,0.26,1449.68,0.31,0.33
2026-01-13 23:51:41,499,"Bitcoin Up or Down - January 13, 10:45AM-11:00AM ET",price_change,UP,0.35,5,0.35,0.39
2026-01-13 23:51:41,499,"Bitcoin Up or Down - January 13, 10:45AM-11:00AM ET",price_change,DOWN,0.41,1298.7,0.61,0.65
2026-01-13 23:51:41,499,"Bitcoin Up or Down - January 13, 10:45AM-11:00AM ET",price_change,UP,0.31,1552.08,0.35,0.39
2026-01-13 23:51:41,499,"Bitcoin Up or Down - January 13, 10:45AM-11:00AM ET",price_change,DOWN,0.61,47.36,0.61,0.65
2026-01-13 23:51:42,498,"Bitcoin Up or Down - January 13, 10:45AM-11:00AM ET",price_change,DOWN,0.52,1350,0.58,0.6
2026-01-13 23:51:42,498,"Bitcoin Up or Down - January 13, 10:45AM-11:00AM ET",price_change,UP,0.31,1351.1,0.4,0.42
2026-01-13 23:51:43,497,"Bitcoin Up or Down - January 13, 10:45AM-11:00AM ET",price_change,DOWN,0.58,803.82,0.58,0.59
2026-01-13 23:51:43,497,"Bitcoin Up or Down - January 13, 10:45AM-11:00AM ET",price_change,UP,0.41,114.92,0.41,0.42
2026-01-13 23:51:44,496,"Bitcoin Up or Down - January 13, 10:45AM-11:00AM ET",price_change,DOWN,0.59,81.68,0.59,0.6
2026-01-13 23:51:44,496,"Bitcoin Up or Down - January 13, 10:45AM-11:00AM ET",price_change,UP,0.39,234.91,0.4,0.41
2026-01-13 23:51:45,495,"Bitcoin Up or Down - January 13, 10:45AM-11:00AM ET",price_change,UP,0.38,1507.64,0.38,0.39
2026-01-13 23:51:45,495,"Bitcoin Up or Down - January 13, 10:45AM-11:00AM ET",price_change,DOWN,0.52,1393.19,0.61,0.62
2026-01-13 23:51:46,494,"Bitcoin Up or Down - January 13, 10:45AM-11:00AM ET",price_change,DOWN,0.59,1.82,0.59,0.61
2026-01-13 23:51:46,494,"Bitcoin Up or Down - January 13, 10:45AM-11:00AM ET",price_change,UP,0.4,64,0.4,0.41
2026-01-13 23:51:47,493,"Bitcoin Up or Down - January 13, 10:45AM-11:00AM ET",price_change,DOWN,0.55,977.92,0.55,0.56
2026-01-13 23:51:47,493,"Bitcoin Up or Down - January 13, 10:45AM-11:00AM ET",price_change,UP,0.44,167.53,0.44,0.45
2026-01-13 23:51:48,492,"Bitcoin Up or Down - January 13, 10:45AM-11:00AM ET",price_change,DOWN,0.53,11.5,0.53,0.55
2026-01-13 23:51:48,492,"Bitcoin Up or Down - January 13, 10:45AM-11:00AM ET",price_change,UP,0.45,3149.52,0.45,0.46
2026-01-13 23:51:49,491,"Bitcoin Up or Down - January 13, 10:45AM-11:00AM ET",price_change,DOWN,0.52,918.7,0.52,0.53
2026-01-13 23:51:49,491,"Bitcoin Up or Down - January 13, 10:45AM-11:00AM ET",price_change,UP,0.44,2595.92,0.47,0.48
2026-01-13 23:51:50,490,"Bitcoin Up or Down - January 13, 10:45AM-11:00AM ET",price_change,DOWN,0.54,393.92,0.54,0.55
2026-01-13 23:51:50,490,"Bitcoin Up or Down - January 13, 10:45AM-11:00AM ET",price_change,UP,0.41,767.92,0.45,0.46
2026-01-13 23:51:51,489,"Bitcoin Up or Down - January 13, 10:45AM-11:00AM ET",price_change,DOWN,0.55,396.37,0.55,0.56
2026-01-13 23:51:51,489,"Bitcoin Up or Down - January 13, 10:45AM-11:00AM ET",price_change,UP,0.41,477.42,0.44,0.45
2026-01-13 23:51:52,488,"Bitcoin Up or Down - January 13, 10:45AM-11:00AM ET",price_change,DOWN,0.54,130,0.56,0.57
2026-01-13 23:51:52,488,"Bitcoin Up or Down - January 13, 10:45AM-11:00AM ET",price_change,UP,0.34,1071.8,0.43,0.44
2026-01-13 23:51:53,487,"Bitcoin Up or Down - January 13, 10:45AM-11:00AM ET",price_change,DOWN,0.31,2323.66,0.53,0.54
2026-01-13 23:51:53,487,"Bitcoin Up or Down - January 13, 10:45AM-11:00AM ET",price_change,UP,0.44,152,0.46,0.47
2026-01-13 23:51:54,486,"Bitcoin Up or Down - January 13, 10:45AM-11:00AM ET",price_change,DOWN,0.52,1079.22,0.55,0.56
2026-01-13 23:51:54,486,"Bitcoin Up or Down - January 13, 10:45AM-11:00AM ET",price_change,UP,0.35,1087.7,0.44,0.45
2026-01-13 23:51:55,485,"Bitcoin Up or Down - January 13, 10:45AM-11:00AM ET",price_change,DOWN,0.54,220,0.54,0.55
2026-01-13 23:51:55,485,"Bitcoin Up or Down - January 13, 10:45AM-11:00AM ET",price_change,UP,0.45,19,0.45,0.46
2026-01-13 23:51:56,484,"Bitcoin Up or Down - January 13, 10:45AM-11:00AM ET",price_change,DOWN,0.53,773,0.53,0.54
2026-01-13 23:51:56,484,"Bitcoin Up or Down - January 13, 10:45AM-11:00AM ET",price_change,UP,0.46,25.02,0.46,0.47
2026-01-13 23:51:57,483,"Bitcoin Up or Down - January 13, 10:45AM-11:00AM ET",price_change,UP,0.45,1272.92,0.46,0.47
2026-01-13 23:51:57,483,"Bitcoin Up or Down - January 13, 10:45AM-11:00AM ET",price_change,DOWN,0.52,982.72,0.53,0.54
2026-01-13 23:51:58,482,"Bitcoin Up or Down - January 13, 10:45AM-11:00AM ET",price_change,DOWN,0.5,1076.92,0.53,0.54
2026-01-13 23:51:58,482,"Bitcoin Up or Down - January 13, 10:45AM-11:00AM ET",price_change,UP,0.43,2296.92,0.46,0.47
2026-01-13 23:51:59,481,"Bitcoin Up or Down - January 13, 10:45AM-11:00AM ET",price_change,DOWN,0.47,1377.2,0.53,0.54
2026-01-13 23:51:59,481,"Bitcoin Up or Down - January 13, 10:45AM-11:00AM ET",price_change,UP,0.4,1361.99,0.46,0.47
2026-01-13 23:52:00,480,"Bitcoin Up or Down - January 13, 10:45AM-11:00AM ET",price_change,UP,0.41,1500.78,0.45,0.46
2026-01-13 23:52:00,480,"Bitcoin Up or Down - January 13, 10:45AM-11:00AM ET",price_change,DOWN,0.53,3320.93,0.54,0.55
2026-01-13 23:52:01,479,"Bitcoin Up or Down - January 13, 10:45AM-11:00AM ET",price_change,DOWN,0.2,914.6,0.53,0.55
2026-01-13 23:52:01,479,"Bitcoin Up or Down - January 13, 10:45AM-11:00AM ET",price_change,UP,0.41,1480.78,0.45,0.47
2026-01-13 23:52:02,478,"Bitcoin Up or Down - January 13, 10:45AM-11:00AM ET",price_change,DOWN,0.53,901.09,0.53,0.54
2026-01-13 23:52:02,478,"Bitcoin Up or Down - January 13, 10:45AM-11:00AM ET",price_change,UP,0.43,321,0.46,0.47
2026-01-13 23:52:03,477,"Bitcoin Up or Down - January 13, 10:45AM-11:00AM ET",price_change,UP,0.44,131.02,0.44,0.46
2026-01-13 23:52:03,477,"Bitcoin Up or Down - January 13, 10:45AM-11:00AM ET",price_change,DOWN,0.44,1512.3,0.54,0.56
2026-01-13 23:52:04,476,"Bitcoin Up or Down - January 13, 10:45AM-11:00AM ET",price_change,DOWN,0.52,1564.22,0.55,0.56
2026-01-13 23:52:04,476,"Bitcoin Up or Down - January 13, 10:45AM-11:00AM ET",price_change,UP,0.43,370,0.44,0.45
2026-01-13 23:52:05,475,"Bitcoin Up or Down - January 13, 10:45AM-11:00AM ET",price_change,DOWN,0.52,1639.22,0.55,0.56
2026-01-13 23:52:05,475,"Bitcoin Up or Down - January 13, 10:45AM-11:00AM ET",price_change,UP,0.44,4.1,0.44,0.45
2026-01-13 23:52:06,474,"Bitcoin Up or Down - January 13, 10:45AM-11:00AM ET",price_change,UP,0.43,1290.99,0.43,0.44
2026-01-13 23:52:06,474,"Bitcoin Up or Down - January 13, 10:45AM-11:00AM ET",price_change,DOWN,0.53,231.99,0.56,0.57
2026-01-13 23:52:07,473,"Bitcoin Up or Down - January 13, 10:45AM-11:00AM ET",price_change,DOWN,0.53,17.5,0.53,0.54
2026-01-13 23:52:07,473,"Bitcoin Up or Down - January 13, 10:45AM-11:00AM ET",price_change,UP,0.46,28.24,0.46,0.47
2026-01-13 23:52:08,472,"Bitcoin Up or Down - January 13, 10:45AM-11:00AM ET",price_change,DOWN,0.54,194.92,0.54,0.55
2026-01-13 23:52:08,472,"Bitcoin Up or Down - January 13, 10:45AM-11:00AM ET",price_change,UP,0.33,1234.26,0.45,0.46
2026-01-13 23:52:09,471,"Bitcoin Up or Down - January 13, 10:45AM-11:00AM ET",price_change,DOWN,0.53,2800.77,0.56,0.57
2026-01-13 23:52:09,471,"Bitcoin Up or Down - January 13, 10:45AM-11:00AM ET",price_change,UP,0.41,1163.86,0.43,0.44
2026-01-13 23:52:10,470,"Bitcoin Up or Down - January 13, 10:45AM-11:00AM ET",price_change,DOWN,0.5,1349,0.59,0.61
2026-01-13 23:52:10,470,"Bitcoin Up or Down - January 13, 10:45AM-11:00AM ET",price_change,UP,0.39,128.03,0.39,0.41
2026-01-13 23:52:11,469,"Bitcoin Up or Down - January 13, 10:45AM-11:00AM ET",price_change,UP,0.4,411.49,0.4,0.41
2026-01-13 23:52:11,469,"Bitcoin Up or Down - January 13, 10:45AM-11:00AM ET",price_change,DOWN,0.56,2992.42,0.59,0.6
2026-01-13 23:52:12,468,"Bitcoin Up or Down - January 13, 10:45AM-11:00AM ET",price_change,DOWN,0.56,115.42,0.56,0.57
2026-01-13 23:52:12,468,"Bitcoin Up or Down - January 13, 10:45AM-11:00AM ET",price_change,UP,0.4,369,0.43,0.44
2026-01-13 23:52:13,467,"Bitcoin Up or Down - January 13, 10:45AM-11:00AM ET",price_change,DOWN,0.57,1014.99,0.57,0.58
2026-01-13 23:52:13,467,"Bitcoin Up or Down - January 13, 10:45AM-11:00AM ET",price_change,UP,0.42,175.42,0.42,0.43
2026-01-13 23:52:14,466,"Bitcoin Up or Down - January 13, 10:45AM-11:00AM ET",price_change,DOWN,0.54,2765.92,0.57,0.58
2026-01-13 23:52:14,466,"Bitcoin Up or Down - January 13, 10:45AM-11:00AM ET",price_change,UP,0.39,1171.42,0.42,0.43
2026-01-13 23:52:15,465,"Bitcoin Up or Down - January 13, 10:45AM-11:00AM ET",price_change,DOWN,0.59,7,0.59,0.6
2026-01-13 23:52:15,465,"Bitcoin Up or Down - January 13, 10:45AM-11:00AM ET",price_change,UP,0.26,1442.76,0.4,0.41
2026-01-13 23:52:16,464,"Bitcoin Up or Down - January 13, 10:45AM-11:00AM ET",price_change,DOWN,0.6,80.65,0.6,0.61
2026-01-13 23:52:16,464,"Bitcoin Up or Down - January 13, 10:45AM-11:00AM ET",price_change,UP,0.37,1156.42,0.39,0.4
2026-01-13 23:52:17,463,"Bitcoin Up or Down - January 13, 10:45AM-11:00AM ET",price_change,DOWN,0.61,272.33,0.61,0.62
2026-01-13 23:52:17,463,"Bitcoin Up or Down - January 13, 10:45AM-11:00AM ET",price_change,UP,0.35,1227.92,0.38,0.39
2026-01-13 23:52:18,462,"Bitcoin Up or Down - January 13, 10:45AM-11:00AM ET",price_change,DOWN,0.55,1345.5,0.61,0.62
2026-01-13 23:52:18,462,"Bitcoin Up or Down - January 13, 10:45AM-11:00AM ET",price_change,UP,0.34,1626.92,0.38,0.39
2026-01-13 23:52:19,461,"Bitcoin Up or Down - January 13, 10:45AM-11:00AM ET",price_change,UP,0.31,1186.1,0.39,0.42
2026-01-13 23:52:19,461,"Bitcoin Up or Down - January 13, 10:45AM-11:00AM ET",price_change,DOWN,0.53,1534.77,0.58,0.61
2026-01-13 23:52:20,460,"Bitcoin Up or Down - January 13, 10:45AM-11:00AM ET",price_change,DOWN,0.59,22.98,0.59,0.6
2026-01-13 23:52:20,460,"Bitcoin Up or Down - January 13, 10:45AM-11:00AM ET",price_change,UP,0.37,1253.92,0.4,0.41
2026-01-13 23:52:21,459,"Bitcoin Up or Down - January 13, 10:45AM-11:00AM ET",price_change,UP,0.4,81.74,0.4,0.41
2026-01-13 23:52:21,459,"Bitcoin Up or Down - January 13, 10:45AM-11:00AM ET",price_change,DOWN,0.36,2302.17,0.59,0.6
2026-01-13 23:52:22,458,"Bitcoin Up or Down - January 13, 10:45AM-11:00AM ET",price_change,UP,0.38,922.38,0.41,0.42
2026-01-13 23:52:22,458,"Bitcoin Up or Down - January 13, 10:45AM-11:00AM ET",price_change,DOWN,0.54,1223.92,0.58,0.59
2026-01-13 23:52:23,457,"Bitcoin Up or Down - January 13, 10:45AM-11:00AM ET",price_change,DOWN,0.53,1400.4,0.58,0.59
2026-01-13 23:52:23,457,"Bitcoin Up or Down - January 13, 10:45AM-11:00AM ET",price_change,UP,0.33,1431.86,0.41,0.42
2026-01-13 23:52:24,456,"Bitcoin Up or Down - January 13, 10:45AM-11:00AM ET",price_change,DOWN,0.58,5,0.58,0.59
2026-01-13 23:52:24,456,"Bitcoin Up or Down - January 13, 10:45AM-11:00AM ET",price_change,UP,0.4,2247.53,0.41,0.43
2026-01-13 23:52:25,455,"Bitcoin Up or Down - January 13, 10:45AM-11:00AM ET",price_change,UP,0.35,1466.38,0.42,0.43
2026-01-13 23:52:25,455,"Bitcoin Up or Down - January 13, 10:45AM-11:00AM ET",price_change,DOWN,0.49,1251.49,0.57,0.58
2026-01-13 23:52:26,454,"Bitcoin Up or Down - January 13, 10:45AM-11:00AM ET",price_change,UP,0.41,18.54,0.41,0.42
2026-01-13 23:52:26,454,"Bitcoin Up or Down - January 13, 10:45AM-11:00AM ET",price_change,DOWN,0.56,804,0.58,0.59
2026-01-13 23:52:27,453,"Bitcoin Up or Down - January 13, 10:45AM-11:00AM ET",price_change,UP,0.36,1434.42,0.41,0.42
2026-01-13 23:52:27,453,"Bitcoin Up or Down - January 13, 10:45AM-11:00AM ET",price_change,DOWN,0.55,1282.92,0.58,0.59
2026-01-13 23:52:28,452,"Bitcoin Up or Down - January 13, 10:45AM-11:00AM ET",price_change,UP,0.37,1443.92,0.41,0.42
2026-01-13 23:52:28,452,"Bitcoin Up or Down - January 13, 10:45AM-11:00AM ET",price_change,DOWN,0.37,1716.15,0.58,0.59
2026-01-13 23:52:29,451,"Bitcoin Up or Down - January 13, 10:45AM-11:00AM ET",price_change,DOWN,0.53,2618.48,0.57,0.58
2026-01-13 23:52:29,451,"Bitcoin Up or Down - January 13, 10:45AM-11:00AM ET",price_change,UP,0.42,2416.41,0.42,0.43
2026-01-13 23:52:29,451,"Bitcoin Up or Down - January 13, 10:45AM-11:00AM ET",price_change,UP,0.37,1332.6,0.42,0.43
2026-01-13 23:52:29,451,"Bitcoin Up or Down - January 13, 10:45AM-11:00AM ET",price_change,DOWN,0.42,1443.19,0.57,0.58
2026-01-13 23:52:30,450,"Bitcoin Up or Down - January 13, 10:45AM-11:00AM ET",price_change,DOWN,0.57,45.53,0.57,0.58
2026-01-13 23:52:30,450,"Bitcoin Up or Down - January 13, 10:45AM-11:00AM ET",price_change,UP,0.41,1423.45,0.42,0.43
2026-01-13 23:52:31,449,"Bitcoin Up or Down - January 13, 10:45AM-11:00AM ET",price_change,DOWN,0.53,1529.4,0.57,0.58
2026-01-13 23:52:31,449,"Bitcoin Up or Down - January 13, 10:45AM-11:00AM ET",price_change,UP,0.37,1496.11,0.42,0.43
2026-01-13 23:52:32,448,"Bitcoin Up or Down - January 13, 10:45AM-11:00AM ET",price_change,UP,0.38,619.76,0.42,0.43
2026-01-13 23:52:32,448,"Bitcoin Up or Down - January 13, 10:45AM-11:00AM ET",price_change,DOWN,0.43,1556.84,0.57,0.58
2026-01-13 23:52:33,447,"Bitcoin Up or Down - January 13, 10:45AM-11:00AM ET",price_change,DOWN,0.59,178,0.61,0.62
2026-01-13 23:52:33,447,"Bitcoin Up or Down - January 13, 10:45AM-11:00AM ET",price_change,UP,0.34,1587.94,0.38,0.39
2026-01-13 23:52:34,446,"Bitcoin Up or Down - January 13, 10:45AM-11:00AM ET",price_change,UP,0.38,2123.11,0.38,0.39
2026-01-13 23:52:34,446,"Bitcoin Up or Down - January 13, 10:45AM-11:00AM ET",price_change,DOWN,0.57,3191.38,0.61,0.62
2026-01-13 23:52:35,445,"Bitcoin Up or Down - January 13, 10:45AM-11:00AM ET",price_change,DOWN,0.59,617.42,0.61,0.62
2026-01-13 23:52:35,445,"Bitcoin Up or Down - January 13, 10:45AM-11:00AM ET",price_change,UP,0.34,1497.44,0.38,0.39
2026-01-13 23:52:36,444,"Bitcoin Up or Down - January 13, 10:45AM-11:00AM ET",price_change,DOWN,0.61,230,0.61,0.62
2026-01-13 23:52:36,444,"Bitcoin Up or Down - January 13, 10:45AM-11:00AM ET",price_change,UP,0.35,1177.3,0.38,0.39
2026-01-13 23:52:37,443,"Bitcoin Up or Down - January 13, 10:45AM-11:00AM ET",price_change,UP,0.39,1222.5,0.39,0.4
2026-01-13 23:52:37,443,"Bitcoin Up or Down - January 13, 10:45AM-11:00AM ET",price_change,DOWN,0.57,1062.27,0.6,0.61
2026-01-13 23:52:38,442,"Bitcoin Up or Down - January 13, 10:45AM-11:00AM ET",price_change,DOWN,0.52,1713.33,0.57,0.58
2026-01-13 23:52:38,442,"Bitcoin Up or Down - January 13, 10:45AM-11:00AM ET",price_change,UP,0.3,1195.2,0.42,0.43
2026-01-13 23:52:39,441,"Bitcoin Up or Down - January 13, 10:45AM-11:00AM ET",price_change,DOWN,0.53,1707.4,0.57,0.58
2026-01-13 23:52:39,441,"Bitcoin Up or Down - January 13, 10:45AM-11:00AM ET",price_change,UP,0.4,129.72,0.42,0.43
2026-01-13 23:52:40,440,"Bitcoin Up or Down - January 13, 10:45AM-11:00AM ET",price_change,UP,0.41,300.9,0.41,0.42
2026-01-13 23:52:40,440,"Bitcoin Up or Down - January 13, 10:45AM-11:00AM ET",price_change,DOWN,0.58,41.1,0.58,0.59
2026-01-13 23:52:41,439,"Bitcoin Up or Down - January 13, 10:45AM-11:00AM ET",price_change,DOWN,0.47,1347.4,0.6,0.61
2026-01-13 23:52:41,439,"Bitcoin Up or Down - January 13, 10:45AM-11:00AM ET",price_change,UP,0.39,795.04,0.39,0.4
2026-01-13 23:52:42,438,"Bitcoin Up or Down - January 13, 10:45AM-11:00AM ET",price_change,UP,0.35,1474.3,0.39,0.4
2026-01-13 23:52:42,438,"Bitcoin Up or Down - January 13, 10:45AM-11:00AM ET",price_change,DOWN,0.58,1960.06,0.6,0.61
2026-01-13 23:52:43,437,"Bitcoin Up or Down - January 13, 10:45AM-11:00AM ET",price_change,DOWN,0.55,741.02,0.55,0.57
2026-01-13 23:52:43,437,"Bitcoin Up or Down - January 13, 10:45AM-11:00AM ET",price_change,UP,0.43,110.5,0.43,0.45
2026-01-13 23:52:44,436,"Bitcoin Up or Down - January 13, 10:45AM-11:00AM ET",price_change,UP,0.44,439.69,0.45,0.46
2026-01-13 23:52:44,436,"Bitcoin Up or Down - January 13, 10:45AM-11:00AM ET",price_change,DOWN,0.53,1088.4,0.54,0.55
2026-01-13 23:52:45,435,"Bitcoin Up or Down - January 13, 10:45AM-11:00AM ET",price_change,DOWN,0.55,40,0.55,0.56
2026-01-13 23:52:45,435,"Bitcoin Up or Down - January 13, 10:45AM-11:00AM ET",price_change,UP,0.44,149.03,0.44,0.45
2026-01-13 23:52:45,434,"Bitcoin Up or Down - January 13, 10:45AM-11:00AM ET",price_change,DOWN,0.53,329.5,0.55,0.56
2026-01-13 23:52:45,434,"Bitcoin Up or Down - January 13, 10:45AM-11:00AM ET",price_change,UP,0.42,377.07,0.44,0.45
2026-01-13 23:52:46,434,"Bitcoin Up or Down - January 13, 10:45AM-11:00AM ET",price_change,DOWN,0.55,42.77,0.55,0.56
2026-01-13 23:52:46,434,"Bitcoin Up or Down - January 13, 10:45AM-11:00AM ET",price_change,UP,0.43,240.77,0.44,0.45
2026-01-13 23:52:47,433,"Bitcoin Up or Down - January 13, 10:45AM-11:00AM ET",price_change,DOWN,0.55,112.66,0.55,0.56
2026-01-13 23:52:47,433,"Bitcoin Up or Down - January 13, 10:45AM-11:00AM ET",price_change,UP,0.39,1473.65,0.44,0.45
2026-01-13 23:52:48,432,"Bitcoin Up or Down - January 13, 10:45AM-11:00AM ET",price_change,UP,0.41,1124,0.43,0.44
2026-01-13 23:52:48,432,"Bitcoin Up or Down - January 13, 10:45AM-11:00AM ET",price_change,DOWN,0.56,254,0.56,0.57
2026-01-13 23:52:49,431,"Bitcoin Up or Down - January 13, 10:45AM-11:00AM ET",price_change,DOWN,0.39,1473.84,0.56,0.57
2026-01-13 23:52:49,431,"Bitcoin Up or Down - January 13, 10:45AM-11:00AM ET",price_change,UP,0.43,1233.29,0.43,0.44
2026-01-13 23:52:50,430,"Bitcoin Up or Down - January 13, 10:45AM-11:00AM ET",price_change,UP,0.36,1348.1,0.43,0.45
2026-01-13 23:52:50,430,"Bitcoin Up or Down - January 13, 10:45AM-11:00AM ET",price_change,DOWN,0.51,1673.92,0.55,0.57
2026-01-13 23:52:51,429,"Bitcoin Up or Down - January 13, 10:45AM-11:00AM ET",price_change,UP,0.43,1177.49,0.43,0.45
2026-01-13 23:52:51,429,"Bitcoin Up or Down - January 13, 10:45AM-11:00AM ET",price_change,DOWN,0.54,888.37,0.55,0.57
2026-01-13 23:52:52,428,"Bitcoin Up or Down - January 13, 10:45AM-11:00AM ET",price_change,DOWN,0.52,1465.33,0.56,0.57
2026-01-13 23:52:52,428,"Bitcoin Up or Down - January 13, 10:45AM-11:00AM ET",price_change,UP,0.35,2673.58,0.43,0.44
2026-01-13 23:52:53,427,"Bitcoin Up or Down - January 13, 10:45AM-11:00AM ET",price_change,UP,0.42,2785.99,0.43,0.44
2026-01-13 23:52:53,427,"Bitcoin Up or Down - January 13, 10:45AM-11:00AM ET",price_change,DOWN,0.52,1475.33,0.56,0.57
2026-01-13 23:52:54,426,"Bitcoin Up or Down - January 13, 10:45AM-11:00AM ET",price_change,UP,0.38,1376.95,0.43,0.44
2026-01-13 23:52:54,426,"Bitcoin Up or Down - January 13, 10:45AM-11:00AM ET",price_change,DOWN,0.52,1470.33,0.56,0.57
2026-01-13 23:52:55,425,"Bitcoin Up or Down - January 13, 10:45AM-11:00AM ET",price_change,DOWN,0.52,405,0.52,0.54
2026-01-13 23:52:55,425,"Bitcoin Up or Down - January 13, 10:45AM-11:00AM ET",price_change,UP,0.44,1315.42,0.46,0.48
2026-01-13 23:52:56,424,"Bitcoin Up or Down - January 13, 10:45AM-11:00AM ET",price_change,DOWN,0.52,497.09,0.52,0.53
2026-01-13 23:52:56,424,"Bitcoin Up or Down - January 13, 10:45AM-11:00AM ET",price_change,UP,0.39,1323.23,0.47,0.48
2026-01-13 23:52:57,423,"Bitcoin Up or Down - January 13, 10:45AM-11:00AM ET",price_change,UP,0.41,1352,0.47,0.48
2026-01-13 23:52:57,423,"Bitcoin Up or Down - January 13, 10:45AM-11:00AM ET",price_change,DOWN,0.44,1555.29,0.52,0.53
2026-01-13 23:52:58,422,"Bitcoin Up or Down - January 13, 10:45AM-11:00AM ET",price_change,UP,0.44,1221.92,0.47,0.48
2026-01-13 23:52:58,422,"Bitcoin Up or Down - January 13, 10:45AM-11:00AM ET",price_change,DOWN,0.46,1515.73,0.52,0.53
2026-01-13 23:52:59,421,"Bitcoin Up or Down - January 13, 10:45AM-11:00AM ET",price_change,DOWN,0.42,1508.19,0.51,0.52
2026-01-13 23:52:59,421,"Bitcoin Up or Down - January 13, 10:45AM-11:00AM ET",price_change,UP,0.46,1302.46,0.48,0.49
2026-01-13 23:53:00,420,"Bitcoin Up or Down - January 13, 10:45AM-11:00AM ET",price_change,DOWN,0.49,226.39,0.49,0.51
2026-01-13 23:53:00,420,"Bitcoin Up or Down - January 13, 10:45AM-11:00AM ET",price_change,UP,0.49,224.27,0.49,0.51
2026-01-13 23:53:01,419,"Bitcoin Up or Down - January 13, 10:45AM-11:00AM ET",price_change,UP,0.44,2171,0.5,0.51
2026-01-13 23:53:01,419,"Bitcoin Up or Down - January 13, 10:45AM-11:00AM ET",price_change,DOWN,0.49,1248.43,0.49,0.5
2026-01-13 23:53:02,418,"Bitcoin Up or Down - January 13, 10:45AM-11:00AM ET",price_change,DOWN,0.51,55.57,0.51,0.52
2026-01-13 23:53:02,418,"Bitcoin Up or Down - January 13, 10:45AM-11:00AM ET",price_change,UP,0.02,7974.99,0.48,0.49
2026-01-13 23:53:02,418,"Bitcoin Up or Down - January 13, 10:45AM-11:00AM ET",price_change,DOWN,0.51,22.57,0.51,0.52
2026-01-13 23:53:02,418,"Bitcoin Up or Down - January 13, 10:45AM-11:00AM ET",price_change,UP,0.48,1768.82,0.48,0.49
2026-01-13 23:53:03,417,"Bitcoin Up or Down - January 13, 10:45AM-11:00AM ET",price_change,DOWN,0.49,818.43,0.49,0.5
2026-01-13 23:53:03,417,"Bitcoin Up or Down - January 13, 10:45AM-11:00AM ET",price_change,UP,0.43,1311.78,0.5,0.51
2026-01-13 23:53:04,416,"Bitcoin Up or Down - January 13, 10:45AM-11:00AM ET",price_change,DOWN,0.47,1017.7,0.48,0.49
2026-01-13 23:53:04,416,"Bitcoin Up or Down - January 13, 10:45AM-11:00AM ET",price_change,UP,0.49,180,0.51,0.52
2026-01-13 23:53:05,415,"Bitcoin Up or Down - January 13, 10:45AM-11:00AM ET",price_change,DOWN,0.44,992.29,0.46,0.48
2026-01-13 23:53:05,415,"Bitcoin Up or Down - January 13, 10:45AM-11:00AM ET",price_change,UP,0.52,1849.15,0.52,0.54
2026-01-13 23:53:06,414,"Bitcoin Up or Down - January 13, 10:45AM-11:00AM ET",price_change,UP,0.5,127.92,0.52,0.53
2026-01-13 23:53:06,414,"Bitcoin Up or Down - January 13, 10:45AM-11:00AM ET",price_change,DOWN,0.47,1685.76,0.47,0.48
2026-01-13 23:53:07,413,"Bitcoin Up or Down - January 13, 10:45AM-11:00AM ET",price_change,UP,0.49,0.1,0.49,0.5
2026-01-13 23:53:07,413,"Bitcoin Up or Down - January 13, 10:45AM-11:00AM ET",price_change,DOWN,0.42,1372.89,0.5,0.51
2026-01-13 23:53:08,412,"Bitcoin Up or Down - January 13, 10:45AM-11:00AM ET",price_change,DOWN,0.47,1969.92,0.5,0.51
2026-01-13 23:53:08,412,"Bitcoin Up or Down - January 13, 10:45AM-11:00AM ET",price_change,UP,0.47,1131,0.49,0.51
2026-01-13 23:53:09,411,"Bitcoin Up or Down - January 13, 10:45AM-11:00AM ET",price_change,DOWN,0.38,1819.92,0.5,0.51
2026-01-13 23:53:09,411,"Bitcoin Up or Down - January 13, 10:45AM-11:00AM ET",price_change,UP,0.49,852.95,0.49,0.5
2026-01-13 23:53:10,410,"Bitcoin Up or Down - January 13, 10:45AM-11:00AM ET",price_change,DOWN,0.38,1774.92,0.51,0.52
2026-01-13 23:53:10,410,"Bitcoin Up or Down - January 13, 10:45AM-11:00AM ET",price_change,UP,0.48,920.58,0.48,0.49
2026-01-13 23:53:11,409,"Bitcoin Up or Down - January 13, 10:45AM-11:00AM ET",price_change,DOWN,0.51,253.76,0.51,0.52
2026-01-13 23:53:11,409,"Bitcoin Up or Down - January 13, 10:45AM-11:00AM ET",price_change,UP,0.47,1026.42,0.48,0.49
2026-01-13 23:53:12,408,"Bitcoin Up or Down - January 13, 10:45AM-11:00AM ET",price_change,DOWN,0.48,1538.92,0.51,0.52
2026-01-13 23:53:12,408,"Bitcoin Up or Down - January 13, 10:45AM-11:00AM ET",price_change,UP,0.48,10.07,0.48,0.49
2026-01-13 23:53:13,407,"Bitcoin Up or Down - January 13, 10:45AM-11:00AM ET",price_change,UP,0.39,1423.65,0.44,0.47
2026-01-13 23:53:13,407,"Bitcoin Up or Down - January 13, 10:45AM-11:00AM ET",price_change,DOWN,0.42,1403.19,0.53,0.56
2026-01-13 23:53:14,406,"Bitcoin Up or Down - January 13, 10:45AM-11:00AM ET",price_change,DOWN,0.56,161.51,0.56,0.57
2026-01-13 23:53:14,406,"Bitcoin Up or Down - January 13, 10:45AM-11:00AM ET",price_change,UP,0.43,1074.41,0.43,0.44
2026-01-13 23:53:15,405,"Bitcoin Up or Down - January 13, 10:45AM-11:00AM ET",price_change,UP,0.43,108.5,0.43,0.44
2026-01-13 23:53:15,405,"Bitcoin Up or Down - January 13, 10:45AM-11:00AM ET",price_change,DOWN,0.5,1387,0.56,0.57
2026-01-13 23:53:16,404,"Bitcoin Up or Down - January 13, 10:45AM-11:00AM ET",price_change,DOWN,0.54,9,0.54,0.55
2026-01-13 23:53:16,404,"Bitcoin Up or Down - January 13, 10:45AM-11:00AM ET",price_change,UP,0.36,1333.1,0.45,0.46
2026-01-13 23:53:17,403,"Bitcoin Up or Down - January 13, 10:45AM-11:00AM ET",price_change,UP,0.45,80,0.46,0.47
2026-01-13 23:53:17,403,"Bitcoin Up or Down - January 13, 10:45AM-11:00AM ET",price_change,DOWN,0.52,80,0.53,0.54
2026-01-13 23:53:18,402,"Bitcoin Up or Down - January 13, 10:45AM-11:00AM ET",price_change,DOWN,0.48,1543.92,0.53,0.54
2026-01-13 23:53:18,402,"Bitcoin Up or Down - January 13, 10:45AM-11:00AM ET",price_change,UP,0.4,1404.06,0.46,0.47
2026-01-13 23:53:19,401,"Bitcoin Up or Down - January 13, 10:45AM-11:00AM ET",price_change,UP,0.46,1221.48,0.46,0.47
2026-01-13 23:53:19,401,"Bitcoin Up or Down - January 13, 10:45AM-11:00AM ET",price_change,DOWN,0.52,159.56,0.53,0.54
2026-01-13 23:53:20,400,"Bitcoin Up or Down - January 13, 10:45AM-11:00AM ET",price_change,DOWN,0.48,1563.92,0.52,0.53
2026-01-13 23:53:20,400,"Bitcoin Up or Down - January 13, 10:45AM-11:00AM ET",price_change,UP,0.46,1258.73,0.47,0.48
2026-01-13 23:53:21,399,"Bitcoin Up or Down - January 13, 10:45AM-11:00AM ET",price_change,DOWN,0.48,1613.92,0.51,0.52
2026-01-13 23:53:21,399,"Bitcoin Up or Down - January 13, 10:45AM-11:00AM ET",price_change,UP,0.48,56.5,0.48,0.49
2026-01-13 23:53:22,398,"Bitcoin Up or Down - January 13, 10:45AM-11:00AM ET",price_change,DOWN,0.47,1683.92,0.51,0.52
2026-01-13 23:53:22,398,"Bitcoin Up or Down - January 13, 10:45AM-11:00AM ET",price_change,UP,0.47,948.5,0.48,0.49
2026-01-13 23:53:23,397,"Bitcoin Up or Down - January 13, 10:45AM-11:00AM ET",price_change,DOWN,0.47,1784.57,0.47,0.5
2026-01-13 23:53:23,397,"Bitcoin Up or Down - January 13, 10:45AM-11:00AM ET",price_change,UP,0.48,2610.5,0.5,0.53
2026-01-13 23:53:24,396,"Bitcoin Up or Down - January 13, 10:45AM-11:00AM ET",price_change,UP,0.52,1444.19,0.52,0.54
2026-01-13 23:53:24,396,"Bitcoin Up or Down - January 13, 10:45AM-11:00AM ET",price_change,DOWN,0.46,62.42,0.46,0.48
2026-01-13 23:53:25,395,"Bitcoin Up or Down - January 13, 10:45AM-11:00AM ET",price_change,UP,0.45,1181.11,0.48,0.5
2026-01-13 23:53:25,395,"Bitcoin Up or Down - January 13, 10:45AM-11:00AM ET",price_change,DOWN,0.5,89.5,0.5,0.52
2026-01-13 23:53:26,394,"Bitcoin Up or Down - January 13, 10:45AM-11:00AM ET",price_change,UP,0.44,1358.92,0.46,0.47
2026-01-13 23:53:26,394,"Bitcoin Up or Down - January 13, 10:45AM-11:00AM ET",price_change,DOWN,0.52,330.5,0.53,0.54
2026-01-13 23:53:27,393,"Bitcoin Up or Down - January 13, 10:45AM-11:00AM ET",price_change,DOWN,0.51,15.68,0.51,0.53
2026-01-13 23:53:27,393,"Bitcoin Up or Down - January 13, 10:45AM-11:00AM ET",price_change,UP,0.47,1691.72,0.47,0.5
2026-01-13 23:53:28,392,"Bitcoin Up or Down - January 13, 10:45AM-11:00AM ET",price_change,DOWN,0.47,162,0.47,0.48
2026-01-13 23:53:28,392,"Bitcoin Up or Down - January 13, 10:45AM-11:00AM ET",price_change,UP,0.49,970.99,0.52,0.53
2026-01-13 23:53:29,391,"Bitcoin Up or Down - January 13, 10:45AM-11:00AM ET",price_change,DOWN,0.45,3054.29,0.48,0.49
2026-01-13 23:53:29,391,"Bitcoin Up or Down - January 13, 10:45AM-11:00AM ET",price_change,UP,0.46,2219.04,0.51,0.52
2026-01-13 23:53:30,390,"Bitcoin Up or Down - January 13, 10:45AM-11:00AM ET",price_change,UP,0.47,1705.92,0.5,0.51
2026-01-13 23:53:30,390,"Bitcoin Up or Down - January 13, 10:45AM-11:00AM ET",price_change,DOWN,0.46,3019.39,0.49,0.5
2026-01-13 23:53:31,389,"Bitcoin Up or Down - January 13, 10:45AM-11:00AM ET",price_change,DOWN,0.45,1388.91,0.48,0.49
2026-01-13 23:53:31,389,"Bitcoin Up or Down - January 13, 10:45AM-11:00AM ET",price_change,UP,0.33,1414.76,0.51,0.52
2026-01-13 23:53:31,388,"Bitcoin Up or Down - January 13, 10:45AM-11:00AM ET",price_change,DOWN,0.41,1444.86,0.48,0.49
2026-01-13 23:53:31,388,"Bitcoin Up or Down - January 13, 10:45AM-11:00AM ET",price_change,UP,0.1,5104.2,0.51,0.52
2026-01-13 23:53:32,388,"Bitcoin Up or Down - January 13, 10:45AM-11:00AM ET",price_change,DOWN,0.46,2386.33,0.47,0.49
2026-01-13 23:53:32,388,"Bitcoin Up or Down - January 13, 10:45AM-11:00AM ET",price_change,UP,0.45,1118,0.51,0.53
2026-01-13 23:53:33,387,"Bitcoin Up or Down - January 13, 10:45AM-11:00AM ET",price_change,DOWN,0.46,2359.86,0.48,0.49
2026-01-13 23:53:33,387,"Bitcoin Up or Down - January 13, 10:45AM-11:00AM ET",price_change,UP,0.51,84.95,0.51,0.52
2026-01-13 23:53:34,386,"Bitcoin Up or Down - January 13, 10:45AM-11:00AM ET",price_change,DOWN,0.48,81.05,0.48,0.49
2026-01-13 23:53:34,386,"Bitcoin Up or Down - January 13, 10:45AM-11:00AM ET",price_change,UP,0.45,1101,0.51,0.52
2026-01-13 23:53:35,385,"Bitcoin Up or Down - January 13, 10:45AM-11:00AM ET",price_change,DOWN,0.42,1395.89,0.48,0.49
2026-01-13 23:53:35,385,"Bitcoin Up or Down - January 13, 10:45AM-11:00AM ET",price_change,UP,0.5,375,0.51,0.52
2026-01-13 23:53:36,384,"Bitcoin Up or Down - January 13, 10:45AM-11:00AM ET",price_change,UP,0.5,2269.88,0.5,0.51
2026-01-13 23:53:36,384,"Bitcoin Up or Down - January 13, 10:45AM-11:00AM ET",price_change,DOWN,0.46,2959.78,0.49,0.5
2026-01-13 23:53:37,383,"Bitcoin Up or Down - January 13, 10:45AM-11:00AM ET",price_change,UP,0.51,184.31,0.51,0.52
2026-01-13 23:53:37,383,"Bitcoin Up or Down - January 13, 10:45AM-11:00AM ET",price_change,DOWN,0.44,1735.21,0.48,0.49
2026-01-13 23:53:38,382,"Bitcoin Up or Down - January 13, 10:45AM-11:00AM ET",price_change,DOWN,0.44,1841.21,0.48,0.49
2026-01-13 23:53:38,382,"Bitcoin Up or Down - January 13, 10:45AM-11:00AM ET",price_change,UP,0.5,1356.29,0.51,0.52
2026-01-13 23:53:39,381,"Bitcoin Up or Down - January 13, 10:45AM-11:00AM ET",price_change,UP,0.51,357.09,0.51,0.52
2026-01-13 23:53:39,381,"Bitcoin Up or Down - January 13, 10:45AM-11:00AM ET",price_change,DOWN,0.45,1577.91,0.48,0.49
2026-01-13 23:53:40,380,"Bitcoin Up or Down - January 13, 10:45AM-11:00AM ET",price_change,UP,0.51,396.41,0.51,0.52
2026-01-13 23:53:40,380,"Bitcoin Up or Down - January 13, 10:45AM-11:00AM ET",price_change,DOWN,0.26,2374.8,0.48,0.49
2026-01-13 23:53:41,379,"Bitcoin Up or Down - January 13, 10:45AM-11:00AM ET",price_change,DOWN,0.46,1404.78,0.48,0.49
2026-01-13 23:53:41,379,"Bitcoin Up or Down - January 13, 10:45AM-11:00AM ET",price_change,UP,0.4,1334.76,0.51,0.52
2026-01-13 23:53:42,378,"Bitcoin Up or Down - January 13, 10:45AM-11:00AM ET",price_change,UP,0.46,2464.92,0.51,0.52
2026-01-13 23:53:42,378,"Bitcoin Up or Down - January 13, 10:45AM-11:00AM ET",price_change,DOWN,0.46,1203.78,0.48,0.49
2026-01-13 23:53:43,377,"Bitcoin Up or Down - January 13, 10:45AM-11:00AM ET",price_change,DOWN,0.47,1555.68,0.48,0.49
2026-01-13 23:53:43,377,"Bitcoin Up or Down - January 13, 10:45AM-11:00AM ET",price_change,UP,0.5,357,0.51,0.52
2026-01-13 23:53:44,376,"Bitcoin Up or Down - January 13, 10:45AM-11:00AM ET",price_change,UP,0.45,1163.42,0.5,0.51
2026-01-13 23:53:44,376,"Bitcoin Up or Down - January 13, 10:45AM-11:00AM ET",price_change,DOWN,0.49,475.88,0.49,0.5
2026-01-13 23:53:45,375,"Bitcoin Up or Down - January 13, 10:45AM-11:00AM ET",price_change,DOWN,0.46,1812.78,0.49,0.5
2026-01-13 23:53:45,375,"Bitcoin Up or Down - January 13, 10:45AM-11:00AM ET",price_change,UP,0.43,1423.92,0.5,0.51
2026-01-13 23:53:46,374,"Bitcoin Up or Down - January 13, 10:45AM-11:00AM ET",price_change,UP,0.5,2101.91,0.5,0.51
2026-01-13 23:53:46,374,"Bitcoin Up or Down - January 13, 10:45AM-11:00AM ET",price_change,DOWN,0.4,1566.27,0.49,0.5
2026-01-13 23:53:47,373,"Bitcoin Up or Down - January 13, 10:45AM-11:00AM ET",price_change,DOWN,0.47,1508.22,0.47,0.48
2026-01-13 23:53:47,373,"Bitcoin Up or Down - January 13, 10:45AM-11:00AM ET",price_change,UP,0.52,5,0.52,0.53
2026-01-13 23:53:48,372,"Bitcoin Up or Down - January 13, 10:45AM-11:00AM ET",price_change,UP,0.5,37.16,0.5,0.51
2026-01-13 23:53:48,372,"Bitcoin Up or Down - January 13, 10:45AM-11:00AM ET",price_change,DOWN,0.48,383.42,0.49,0.5
2026-01-13 23:53:49,371,"Bitcoin Up or Down - January 13, 10:45AM-11:00AM ET",price_change,UP,0.49,119.23,0.49,0.5
2026-01-13 23:53:49,371,"Bitcoin Up or Down - January 13, 10:45AM-11:00AM ET",price_change,DOWN,0.38,1711.88,0.5,0.51
2026-01-13 23:53:50,370,"Bitcoin Up or Down - January 13, 10:45AM-11:00AM ET",price_change,DOWN,0.38,1649.28,0.5,0.51
2026-01-13 23:53:50,370,"Bitcoin Up or Down - January 13, 10:45AM-11:00AM ET",price_change,UP,0.32,2056.19,0.49,0.5
2026-01-13 23:53:51,369,"Bitcoin Up or Down - January 13, 10:45AM-11:00AM ET",price_change,DOWN,0.32,1458.23,0.48,0.51
2026-01-13 23:53:51,369,"Bitcoin Up or Down - January 13, 10:45AM-11:00AM ET",price_change,UP,0.45,1458.92,0.49,0.54
2026-01-13 23:53:52,368,"Bitcoin Up or Down - January 13, 10:45AM-11:00AM ET",price_change,DOWN,0.43,745.78,0.43,0.44
2026-01-13 23:53:52,368,"Bitcoin Up or Down - January 13, 10:45AM-11:00AM ET",price_change,UP,0.28,1287.38,0.56,0.57
2026-01-13 23:53:53,367,"Bitcoin Up or Down - January 13, 10:45AM-11:00AM ET",price_change,UP,0.48,2330.73,0.57,0.58
2026-01-13 23:53:53,367,"Bitcoin Up or Down - January 13, 10:45AM-11:00AM ET",price_change,DOWN,0.38,1641.7,0.42,0.43
2026-01-13 23:53:54,366,"Bitcoin Up or Down - January 13, 10:45AM-11:00AM ET",price_change,UP,0.52,382,0.57,0.58
2026-01-13 23:53:54,366,"Bitcoin Up or Down - January 13, 10:45AM-11:00AM ET",price_change,DOWN,0.37,1596.47,0.42,0.43
2026-01-13 23:53:55,365,"Bitcoin Up or Down - January 13, 10:45AM-11:00AM ET",price_change,DOWN,0.2,814.6,0.43,0.44
2026-01-13 23:53:55,365,"Bitcoin Up or Down - January 13, 10:45AM-11:00AM ET",price_change,UP,0.5,391.6,0.56,0.57
2026-01-13 23:53:56,364,"Bitcoin Up or Down - January 13, 10:45AM-11:00AM ET",price_change,DOWN,0.41,1253.48,0.43,0.44
2026-01-13 23:53:56,364,"Bitcoin Up or Down - January 13, 10:45AM-11:00AM ET",price_change,UP,0.57,363.71,0.57,0.58
2026-01-13 23:53:57,363,"Bitcoin Up or Down - January 13, 10:45AM-11:00AM ET",price_change,DOWN,0.42,1058.65,0.42,0.43
2026-01-13 23:53:57,363,"Bitcoin Up or Down - January 13, 10:45AM-11:00AM ET",price_change,UP,0.54,964.92,0.57,0.58
2026-01-13 23:53:58,362,"Bitcoin Up or Down - January 13, 10:45AM-11:00AM ET",price_change,DOWN,0.42,1251.16,0.42,0.43
2026-01-13 23:53:58,362,"Bitcoin Up or Down - January 13, 10:45AM-11:00AM ET",price_change,UP,0.45,1442.3,0.57,0.58
2026-01-13 23:53:59,361,"Bitcoin Up or Down - January 13, 10:45AM-11:00AM ET",price_change,UP,0.55,1509.31,0.55,0.56
2026-01-13 23:53:59,361,"Bitcoin Up or Down - January 13, 10:45AM-11:00AM ET",price_change,DOWN,0.44,86,0.44,0.45
2026-01-13 23:54:00,360,"Bitcoin Up or Down - January 13, 10:45AM-11:00AM ET",price_change,DOWN,0.41,1642.6,0.44,0.45
2026-01-13 23:54:00,360,"Bitcoin Up or Down - January 13, 10:45AM-11:00AM ET",price_change,UP,0.55,2196,0.55,0.56
2026-01-13 23:54:01,359,"Bitcoin Up or Down - January 13, 10:45AM-11:00AM ET",price_change,DOWN,0.35,1689.62,0.43,0.44
2026-01-13 23:54:01,359,"Bitcoin Up or Down - January 13, 10:45AM-11:00AM ET",price_change,UP,0.45,1472.3,0.56,0.57
2026-01-13 23:54:02,358,"Bitcoin Up or Down - January 13, 10:45AM-11:00AM ET",price_change,UP,0.01,23337.57,0.6,0.61
2026-01-13 23:54:02,358,"Bitcoin Up or Down - January 13, 10:45AM-11:00AM ET",price_change,DOWN,0.36,1101.26,0.39,0.4
2026-01-13 23:54:03,357,"Bitcoin Up or Down - January 13, 10:45AM-11:00AM ET",price_change,DOWN,0.39,2297.6,0.4,0.41
2026-01-13 23:54:03,357,"Bitcoin Up or Down - January 13, 10:45AM-11:00AM ET",price_change,UP,0.58,248.92,0.59,0.6
2026-01-13 23:54:04,356,"Bitcoin Up or Down - January 13, 10:45AM-11:00AM ET",price_change,DOWN,0.4,72.5,0.4,0.41
2026-01-13 23:54:04,356,"Bitcoin Up or Down - January 13, 10:45AM-11:00AM ET",price_change,UP,0.51,1511.15,0.59,0.6
2026-01-13 23:54:05,355,"Bitcoin Up or Down - January 13, 10:45AM-11:00AM ET",price_change,DOWN,0.39,86.97,0.39,0.4
2026-01-13 23:54:05,355,"Bitcoin Up or Down - January 13, 10:45AM-11:00AM ET",price_change,UP,0.6,1336.92,0.6,0.61
2026-01-13 23:54:06,354,"Bitcoin Up or Down - January 13, 10:45AM-11:00AM ET",price_change,DOWN,0.38,1063.18,0.38,0.39
2026-01-13 23:54:06,354,"Bitcoin Up or Down - January 13, 10:45AM-11:00AM ET",price_change,UP,0.45,1472.3,0.61,0.62
2026-01-13 23:54:07,353,"Bitcoin Up or Down - January 13, 10:45AM-11:00AM ET",price_change,UP,0.6,2113.42,0.61,0.62
2026-01-13 23:54:07,353,"Bitcoin Up or Down - January 13, 10:45AM-11:00AM ET",price_change,DOWN,0.27,1423.6,0.38,0.39
2026-01-13 23:54:08,352,"Bitcoin Up or Down - January 13, 10:45AM-11:00AM ET",price_change,UP,0.62,1111.66,0.62,0.63
2026-01-13 23:54:08,352,"Bitcoin Up or Down - January 13, 10:45AM-11:00AM ET",price_change,DOWN,0.01,23779.56,0.37,0.38
2026-01-13 23:54:09,351,"Bitcoin Up or Down - January 13, 10:45AM-11:00AM ET",price_change,DOWN,0.32,1070.65,0.37,0.38
2026-01-13 23:54:09,351,"Bitcoin Up or Down - January 13, 10:45AM-11:00AM ET",price_change,UP,0.56,3336.3,0.62,0.63
2026-01-13 23:54:10,350,"Bitcoin Up or Down - January 13, 10:45AM-11:00AM ET",price_change,DOWN,0.34,249.75,0.37,0.38
2026-01-13 23:54:10,350,"Bitcoin Up or Down - January 13, 10:45AM-11:00AM ET",price_change,UP,0.59,1207.92,0.62,0.63
2026-01-13 23:54:11,349,"Bitcoin Up or Down - January 13, 10:45AM-11:00AM ET",price_change,DOWN,0.32,1340.23,0.34,0.35
2026-01-13 23:54:11,349,"Bitcoin Up or Down - January 13, 10:45AM-11:00AM ET",price_change,UP,0.65,335.46,0.65,0.66
2026-01-13 23:54:12,348,"Bitcoin Up or Down - January 13, 10:45AM-11:00AM ET",price_change,DOWN,0.33,669.44,0.33,0.34
2026-01-13 23:54:12,348,"Bitcoin Up or Down - January 13, 10:45AM-11:00AM ET",price_change,UP,0.66,227.82,0.66,0.67
2026-01-13 23:54:13,347,"Bitcoin Up or Down - January 13, 10:45AM-11:00AM ET",price_change,UP,0.61,2292.99,0.66,0.67
2026-01-13 23:54:13,347,"Bitcoin Up or Down - January 13, 10:45AM-11:00AM ET",price_change,DOWN,0.16,9.69,0.33,0.34
2026-01-13 23:54:14,346,"Bitcoin Up or Down - January 13, 10:45AM-11:00AM ET",price_change,DOWN,0.3,1409,0.31,0.32
2026-01-13 23:54:14,346,"Bitcoin Up or Down - January 13, 10:45AM-11:00AM ET",price_change,UP,0.67,1284.37,0.68,0.69
2026-01-13 23:54:15,345,"Bitcoin Up or Down - January 13, 10:45AM-11:00AM ET",price_change,DOWN,0.3,434.85,0.3,0.31
2026-01-13 23:54:15,345,"Bitcoin Up or Down - January 13, 10:45AM-11:00AM ET",price_change,UP,0.68,3754.32,0.69,0.7
2026-01-13 23:54:16,344,"Bitcoin Up or Down - January 13, 10:45AM-11:00AM ET",price_change,UP,0.68,2164.32,0.69,0.7
2026-01-13 23:54:16,344,"Bitcoin Up or Down - January 13, 10:45AM-11:00AM ET",price_change,DOWN,0.21,1589.92,0.3,0.31
2026-01-13 23:54:17,343,"Bitcoin Up or Down - January 13, 10:45AM-11:00AM ET",price_change,DOWN,0.28,5.5,0.29,0.3
2026-01-13 23:54:17,343,"Bitcoin Up or Down - January 13, 10:45AM-11:00AM ET",price_change,UP,0.69,666.22,0.7,0.71
2026-01-13 23:54:18,342,"Bitcoin Up or Down - January 13, 10:45AM-11:00AM ET",price_change,DOWN,0.24,1054.3,0.26,0.27
2026-01-13 23:54:18,342,"Bitcoin Up or Down - January 13, 10:45AM-11:00AM ET",price_change,UP,0.71,2024.46,0.73,0.74
2026-01-13 23:54:19,341,"Bitcoin Up or Down - January 13, 10:45AM-11:00AM ET",price_change,UP,0.74,1404.74,0.74,0.75
2026-01-13 23:54:19,341,"Bitcoin Up or Down - January 13, 10:45AM-11:00AM ET",price_change,DOWN,0.19,1550.92,0.25,0.26
2026-01-13 23:54:20,340,"Bitcoin Up or Down - January 13, 10:45AM-11:00AM ET",price_change,DOWN,0.23,737.51,0.23,0.24
2026-01-13 23:54:20,340,"Bitcoin Up or Down - January 13, 10:45AM-11:00AM ET",price_change,UP,0.5,1066.2,0.76,0.77
2026-01-13 23:54:21,339,"Bitcoin Up or Down - January 13, 10:45AM-11:00AM ET",price_change,UP,0.66,1303.31,0.77,0.78
2026-01-13 23:54:21,339,"Bitcoin Up or Down - January 13, 10:45AM-11:00AM ET",price_change,DOWN,0.22,21.11,0.22,0.23
2026-01-13 23:54:22,338,"Bitcoin Up or Down - January 13, 10:45AM-11:00AM ET",price_change,UP,0.81,557.19,0.82,0.83
2026-01-13 23:54:22,338,"Bitcoin Up or Down - January 13, 10:45AM-11:00AM ET",price_change,DOWN,0.12,1750.92,0.17,0.18
2026-01-13 23:54:23,337,"Bitcoin Up or Down - January 13, 10:45AM-11:00AM ET",price_change,UP,0.83,2808.5,0.83,0.84
2026-01-13 23:54:23,337,"Bitcoin Up or Down - January 13, 10:45AM-11:00AM ET",price_change,DOWN,0.02,7653.65,0.16,0.17
2026-01-13 23:54:24,336,"Bitcoin Up or Down - January 13, 10:45AM-11:00AM ET",price_change,UP,0.68,1057,0.88,0.89
2026-01-13 23:54:24,336,"Bitcoin Up or Down - January 13, 10:45AM-11:00AM ET",price_change,DOWN,0.11,43.01,0.11,0.12
2026-01-13 23:54:25,335,"Bitcoin Up or Down - January 13, 10:45AM-11:00AM ET",price_change,UP,0.87,12.57,0.87,0.89
2026-01-13 23:54:25,335,"Bitcoin Up or Down - January 13, 10:45AM-11:00AM ET",price_change,DOWN,0.11,31.65,0.11,0.13
2026-01-13 23:54:26,334,"Bitcoin Up or Down - January 13, 10:45AM-11:00AM ET",price_change,DOWN,0.12,467.37,0.12,0.13
2026-01-13 23:54:26,334,"Bitcoin Up or Down - January 13, 10:45AM-11:00AM ET",price_change,UP,0.86,1526,0.87,0.88
2026-01-13 23:54:27,333,"Bitcoin Up or Down - January 13, 10:45AM-11:00AM ET",price_change,UP,0.74,1111.79,0.86,0.88
2026-01-13 23:54:27,333,"Bitcoin Up or Down - January 13, 10:45AM-11:00AM ET",price_change,DOWN,0.09,2091.41,0.12,0.14
2026-01-13 23:54:28,332,"Bitcoin Up or Down - January 13, 10:45AM-11:00AM ET",price_change,UP,0.84,1494.68,0.84,0.86
2026-01-13 23:54:28,332,"Bitcoin Up or Down - January 13, 10:45AM-11:00AM ET",price_change,DOWN,0.14,146.31,0.14,0.16
2026-01-13 23:54:29,331,"Bitcoin Up or Down - January 13, 10:45AM-11:00AM ET",price_change,DOWN,0.14,377.63,0.14,0.16
2026-01-13 23:54:29,331,"Bitcoin Up or Down - January 13, 10:45AM-11:00AM ET",price_change,UP,0.84,11.28,0.84,0.85
2026-01-13 23:54:30,330,"Bitcoin Up or Down - January 13, 10:45AM-11:00AM ET",price_change,DOWN,0.14,1346.22,0.16,0.17
2026-01-13 23:54:30,330,"Bitcoin Up or Down - January 13, 10:45AM-11:00AM ET",price_change,UP,0.71,1216.9,0.83,0.84
2026-01-13 23:54:31,329,"Bitcoin Up or Down - January 13, 10:45AM-11:00AM ET",price_change,DOWN,0.12,762.62,0.15,0.16
2026-01-13 23:54:31,329,"Bitcoin Up or Down - January 13, 10:45AM-11:00AM ET",price_change,UP,0.83,1942.22,0.84,0.85
2026-01-13 23:54:31,329,"Bitcoin Up or Down - January 13, 10:45AM-11:00AM ET",price_change,UP,0.82,1496.42,0.84,0.85
2026-01-13 23:54:31,329,"Bitcoin Up or Down - January 13, 10:45AM-11:00AM ET",price_change,DOWN,0.14,868.8,0.15,0.16
2026-01-13 23:54:32,328,"Bitcoin Up or Down - January 13, 10:45AM-11:00AM ET",price_change,UP,0.84,15.51,0.84,0.85
2026-01-13 23:54:32,328,"Bitcoin Up or Down - January 13, 10:45AM-11:00AM ET",price_change,DOWN,0.1,3842.09,0.15,0.16
2026-01-13 23:54:33,327,"Bitcoin Up or Down - January 13, 10:45AM-11:00AM ET",price_change,UP,0.82,770,0.84,0.85
2026-01-13 23:54:33,327,"Bitcoin Up or Down - January 13, 10:45AM-11:00AM ET",price_change,DOWN,0.14,1092.8,0.15,0.16
2026-01-13 23:54:34,326,"Bitcoin Up or Down - January 13, 10:45AM-11:00AM ET",price_change,DOWN,0.15,304.1,0.16,0.17
2026-01-13 23:54:34,326,"Bitcoin Up or Down - January 13, 10:45AM-11:00AM ET",price_change,UP,0.77,2087.3,0.83,0.84
2026-01-13 23:54:35,325,"Bitcoin Up or Down - January 13, 10:45AM-11:00AM ET",price_change,DOWN,0.13,1206.42,0.15,0.16
2026-01-13 23:54:35,325,"Bitcoin Up or Down - January 13, 10:45AM-11:00AM ET",price_change,UP,0.83,1453.93,0.84,0.85
2026-01-13 23:54:36,324,"Bitcoin Up or Down - January 13, 10:45AM-11:00AM ET",price_change,DOWN,0.13,1079,0.16,0.17
2026-01-13 23:54:36,324,"Bitcoin Up or Down - January 13, 10:45AM-11:00AM ET",price_change,UP,0.78,2688.47,0.83,0.84
2026-01-13 23:54:37,323,"Bitcoin Up or Down - January 13, 10:45AM-11:00AM ET",price_change,UP,0.83,1678.61,0.83,0.84
2026-01-13 23:54:37,323,"Bitcoin Up or Down - January 13, 10:45AM-11:00AM ET",price_change,DOWN,0.16,44.5,0.16,0.17
2026-01-13 23:54:38,322,"Bitcoin Up or Down - January 13, 10:45AM-11:00AM ET",price_change,DOWN,0.11,2578.41,0.14,0.15
2026-01-13 23:54:38,322,"Bitcoin Up or Down - January 13, 10:45AM-11:00AM ET",price_change,UP,0.77,2173.3,0.85,0.86
2026-01-13 23:54:39,321,"Bitcoin Up or Down - January 13, 10:45AM-11:00AM ET",price_change,DOWN,0.08,2097.93,0.14,0.15
2026-01-13 23:54:39,321,"Bitcoin Up or Down - January 13, 10:45AM-11:00AM ET",price_change,UP,0.79,1392.43,0.85,0.86
2026-01-13 23:54:40,320,"Bitcoin Up or Down - January 13, 10:45AM-11:00AM ET",price_change,DOWN,0.11,2824.41,0.14,0.15
2026-01-13 23:54:40,320,"Bitcoin Up or Down - January 13, 10:45AM-11:00AM ET",price_change,UP,0.85,84,0.85,0.86
2026-01-13 23:54:41,319,"Bitcoin Up or Down - January 13, 10:45AM-11:00AM ET",price_change,DOWN,0.09,1320.95,0.13,0.14
2026-01-13 23:54:41,319,"Bitcoin Up or Down - January 13, 10:45AM-11:00AM ET",price_change,UP,0.83,2361.83,0.86,0.87
2026-01-13 23:54:42,318,"Bitcoin Up or Down - January 13, 10:45AM-11:00AM ET",price_change,DOWN,0.08,1651.23,0.1,0.11
2026-01-13 23:54:42,318,"Bitcoin Up or Down - January 13, 10:45AM-11:00AM ET",price_change,UP,0.88,1068.92,0.89,0.9
2026-01-13 23:54:43,317,"Bitcoin Up or Down - January 13, 10:45AM-11:00AM ET",price_change,DOWN,0.1,1884.44,0.11,0.12
2026-01-13 23:54:43,317,"Bitcoin Up or Down - January 13, 10:45AM-11:00AM ET",price_change,UP,0.86,3537.86,0.88,0.89
2026-01-13 23:54:44,316,"Bitcoin Up or Down - January 13, 10:45AM-11:00AM ET",price_change,DOWN,0.09,1423.53,0.11,0.12
2026-01-13 23:54:44,316,"Bitcoin Up or Down - January 13, 10:45AM-11:00AM ET",price_change,UP,0.35,1675.58,0.88,0.89
2026-01-13 23:54:45,315,"Bitcoin Up or Down - January 13, 10:45AM-11:00AM ET",price_change,UP,0.87,1597.43,0.87,0.88
2026-01-13 23:54:45,315,"Bitcoin Up or Down - January 13, 10:45AM-11:00AM ET",price_change,DOWN,0.09,1518.95,0.12,0.13
2026-01-13 23:54:46,314,"Bitcoin Up or Down - January 13, 10:45AM-11:00AM ET",price_change,DOWN,0.1,3585.91,0.1,0.12
2026-01-13 23:54:46,314,"Bitcoin Up or Down - January 13, 10:45AM-11:00AM ET",price_change,UP,0.88,333.14,0.88,0.9
2026-01-13 23:54:47,313,"Bitcoin Up or Down - January 13, 10:45AM-11:00AM ET",price_change,UP,0.89,58,0.89,0.9
2026-01-13 23:54:47,313,"Bitcoin Up or Down - January 13, 10:45AM-11:00AM ET",price_change,DOWN,0.08,3238.28,0.1,0.11
2026-01-13 23:54:48,312,"Bitcoin Up or Down - January 13, 10:45AM-11:00AM ET",price_change,UP,0.89,1191,0.89,0.9
2026-01-13 23:54:48,312,"Bitcoin Up or Down - January 13, 10:45AM-11:00AM ET",price_change,DOWN,0.02,8291.97,0.1,0.11
2026-01-13 23:54:49,311,"Bitcoin Up or Down - January 13, 10:45AM-11:00AM ET",price_change,UP,0.89,1087.08,0.89,0.9
2026-01-13 23:54:49,311,"Bitcoin Up or Down - January 13, 10:45AM-11:00AM ET",price_change,DOWN,0.1,3208.11,0.1,0.11
2026-01-13 23:54:50,310,"Bitcoin Up or Down - January 13, 10:45AM-11:00AM ET",price_change,UP,0.39,1306.23,0.89,0.9
2026-01-13 23:54:50,310,"Bitcoin Up or Down - January 13, 10:45AM-11:00AM ET",price_change,DOWN,0.03,6507.02,0.1,0.11
2026-01-13 23:54:51,309,"Bitcoin Up or Down - January 13, 10:45AM-11:00AM ET",price_change,DOWN,0.08,3281.35,0.1,0.11
2026-01-13 23:54:51,309,"Bitcoin Up or Down - January 13, 10:45AM-11:00AM ET",price_change,UP,0.89,1468.25,0.89,0.9
2026-01-13 23:54:52,308,"Bitcoin Up or Down - January 13, 10:45AM-11:00AM ET",price_change,UP,0.89,1472.34,0.89,0.9
2026-01-13 23:54:52,308,"Bitcoin Up or Down - January 13, 10:45AM-11:00AM ET",price_change,DOWN,0.1,2868.43,0.1,0.11
2026-01-13 23:54:53,307,"Bitcoin Up or Down - January 13, 10:45AM-11:00AM ET",price_change,DOWN,0.05,5357.32,0.1,0.11
2026-01-13 23:54:53,307,"Bitcoin Up or Down - January 13, 10:45AM-11:00AM ET",price_change,UP,0.89,1234.89,0.89,0.9
2026-01-13 23:54:54,306,"Bitcoin Up or Down - January 13, 10:45AM-11:00AM ET",price_change,UP,0.89,1424.54,0.89,0.9
2026-01-13 23:54:54,306,"Bitcoin Up or Down - January 13, 10:45AM-11:00AM ET",price_change,DOWN,0.1,0,0.08,0.11
2026-01-13 23:54:55,305,"Bitcoin Up or Down - January 13, 10:45AM-11:00AM ET",price_change,DOWN,0.05,5373.32,0.09,0.1
2026-01-13 23:54:55,305,"Bitcoin Up or Down - January 13, 10:45AM-11:00AM ET",price_change,UP,0.88,1316.92,0.9,0.91
2026-01-13 23:54:56,304,"Bitcoin Up or Down - January 13, 10:45AM-11:00AM ET",price_change,DOWN,0.05,5397.32,0.08,0.09
2026-01-13 23:54:56,304,"Bitcoin Up or Down - January 13, 10:45AM-11:00AM ET",price_change,UP,0.9,1998,0.91,0.92
2026-01-13 23:54:57,303,"Bitcoin Up or Down - January 13, 10:45AM-11:00AM ET",price_change,DOWN,0.05,5418.32,0.08,0.09
2026-01-13 23:54:57,303,"Bitcoin Up or Down - January 13, 10:45AM-11:00AM ET",price_change,UP,0.88,1128.92,0.91,0.92
2026-01-13 23:54:58,302,"Bitcoin Up or Down - January 13, 10:45AM-11:00AM ET",price_change,DOWN,0.05,5411.82,0.08,0.09
2026-01-13 23:54:58,302,"Bitcoin Up or Down - January 13, 10:45AM-11:00AM ET",price_change,UP,0.72,1157.4,0.91,0.92
2026-01-13 23:54:59,301,"Bitcoin Up or Down - January 13, 10:45AM-11:00AM ET",price_change,DOWN,0.05,5416.82,0.08,0.09
2026-01-13 23:54:59,301,"Bitcoin Up or Down - January 13, 10:45AM-11:00AM ET",price_change,UP,0.87,1466.92,0.91,0.92
2026-01-13 23:55:00,300,"Bitcoin Up or Down - January 13, 10:45AM-11:00AM ET",price_change,DOWN,0.08,645.54,0.08,0.09
2026-01-13 23:55:00,300,"Bitcoin Up or Down - January 13, 10:45AM-11:00AM ET",price_change,UP,0.87,1165.92,0.91,0.92
2026-01-13 23:55:01,299,"Bitcoin Up or Down - January 13, 10:45AM-11:00AM ET",price_change,UP,0.01,23040.52,0.92,0.93
2026-01-13 23:55:01,299,"Bitcoin Up or Down - January 13, 10:45AM-11:00AM ET",price_change,DOWN,0.01,43440.27,0.07,0.08
2026-01-13 23:55:02,298,"Bitcoin Up or Down - January 13, 10:45AM-11:00AM ET",price_change,UP,0.91,4724.23,0.92,0.93
2026-01-13 23:55:02,298,"Bitcoin Up or Down - January 13, 10:45AM-11:00AM ET",price_change,DOWN,0.06,2809.89,0.07,0.08
2026-01-13 23:55:03,297,"Bitcoin Up or Down - January 13, 10:45AM-11:00AM ET",price_change,DOWN,0.05,4439.32,0.07,0.08
2026-01-13 23:55:03,297,"Bitcoin Up or Down - January 13, 10:45AM-11:00AM ET",price_change,UP,0.89,1466.34,0.92,0.93
2026-01-13 23:55:04,296,"Bitcoin Up or Down - January 13, 10:45AM-11:00AM ET",price_change,DOWN,0.05,4401.82,0.07,0.08
2026-01-13 23:55:04,296,"Bitcoin Up or Down - January 13, 10:45AM-11:00AM ET",price_change,UP,0.92,41,0.92,0.93
2026-01-13 23:55:05,295,"Bitcoin Up or Down - January 13, 10:45AM-11:00AM ET",price_change,UP,0.92,2516.73,0.92,0.93
2026-01-13 23:55:05,295,"Bitcoin Up or Down - January 13, 10:45AM-11:00AM ET",price_change,DOWN,0.06,1782.64,0.07,0.08
2026-01-13 23:55:06,294,"Bitcoin Up or Down - January 13, 10:45AM-11:00AM ET",price_change,UP,0.92,32.96,0.92,0.93
2026-01-13 23:55:06,294,"Bitcoin Up or Down - January 13, 10:45AM-11:00AM ET",price_change,DOWN,0.07,4361.36,0.07,0.08
2026-01-13 23:55:06,293,"Bitcoin Up or Down - January 13, 10:45AM-11:00AM ET",price_change,UP,0.91,5127.85,0.91,0.92
2026-01-13 23:55:06,293,"Bitcoin Up or Down - January 13, 10:45AM-11:00AM ET",price_change,DOWN,0.07,0,0.08,0.09
2026-01-13 23:55:06,293,"Bitcoin Up or Down - January 13, 10:45AM-11:00AM ET",price_change,DOWN,0.01,44124.79,0.08,0.09
2026-01-13 23:55:06,293,"Bitcoin Up or Down - January 13, 10:45AM-11:00AM ET",price_change,UP,0.86,4344.6,0.91,0.92
2026-01-13 23:55:07,293,"Bitcoin Up or Down - January 13, 10:45AM-11:00AM ET",price_change,UP,0.91,5227.85,0.91,0.92
2026-01-13 23:55:07,293,"Bitcoin Up or Down - January 13, 10:45AM-11:00AM ET",price_change,DOWN,0.02,9414.89,0.08,0.09
2026-01-13 23:55:08,292,"Bitcoin Up or Down - January 13, 10:45AM-11:00AM ET",price_change,UP,0.93,1545.34,0.93,0.94
2026-01-13 23:55:08,292,"Bitcoin Up or Down - January 13, 10:45AM-11:00AM ET",price_change,DOWN,0.03,4820.02,0.06,0.07
2026-01-13 23:55:09,291,"Bitcoin Up or Down - January 13, 10:45AM-11:00AM ET",price_change,UP,0.94,284.24,0.94,0.95
2026-01-13 23:55:09,291,"Bitcoin Up or Down - January 13, 10:45AM-11:00AM ET",price_change,DOWN,0.04,2111.5,0.05,0.06
2026-01-13 23:55:10,290,"Bitcoin Up or Down - January 13, 10:45AM-11:00AM ET",price_change,DOWN,0.05,1739.72,0.05,0.06
2026-01-13 23:55:10,290,"Bitcoin Up or Down - January 13, 10:45AM-11:00AM ET",price_change,UP,0.92,343.31,0.94,0.95
2026-01-13 23:55:11,289,"Bitcoin Up or Down - January 13, 10:45AM-11:00AM ET",price_change,DOWN,0.04,3518.42,0.06,0.07
2026-01-13 23:55:11,289,"Bitcoin Up or Down - January 13, 10:45AM-11:00AM ET",price_change,UP,0.74,1155.91,0.93,0.94
2026-01-13 23:55:12,288,"Bitcoin Up or Down - January 13, 10:45AM-11:00AM ET",price_change,DOWN,0.06,851.07,0.06,0.07
2026-01-13 23:55:12,288,"Bitcoin Up or Down - January 13, 10:45AM-11:00AM ET",price_change,UP,0.91,5363.81,0.93,0.94
2026-01-13 23:55:13,287,"Bitcoin Up or Down - January 13, 10:45AM-11:00AM ET",price_change,UP,0.93,365.17,0.93,0.94
2026-01-13 23:55:13,287,"Bitcoin Up or Down - January 13, 10:45AM-11:00AM ET",price_change,DOWN,0.05,3435.78,0.06,0.07
2026-01-13 23:55:14,286,"Bitcoin Up or Down - January 13, 10:45AM-11:00AM ET",price_change,DOWN,0.04,2712.32,0.06,0.07
2026-01-13 23:55:14,286,"Bitcoin Up or Down - January 13, 10:45AM-11:00AM ET",price_change,UP,0.91,5351.06,0.93,0.94
2026-01-13 23:55:15,285,"Bitcoin Up or Down - January 13, 10:45AM-11:00AM ET",price_change,DOWN,0.04,2712.32,0.06,0.07
2026-01-13 23:55:15,285,"Bitcoin Up or Down - January 13, 10:45AM-11:00AM ET",price_change,UP,0.93,269.64,0.93,0.94
2026-01-13 23:55:16,284,"Bitcoin Up or Down - January 13, 10:45AM-11:00AM ET",price_change,UP,0.9,3709.34,0.92,0.93
2026-01-13 23:55:16,284,"Bitcoin Up or Down - January 13, 10:45AM-11:00AM ET",price_change,DOWN,0.06,2210.25,0.07,0.08
2026-01-13 23:55:17,283,"Bitcoin Up or Down - January 13, 10:45AM-11:00AM ET",price_change,DOWN,0.06,2216.25,0.07,0.08
2026-01-13 23:55:17,283,"Bitcoin Up or Down - January 13, 10:45AM-11:00AM ET",price_change,UP,0.85,1357.39,0.92,0.93
2026-01-13 23:55:18,282,"Bitcoin Up or Down - January 13, 10:45AM-11:00AM ET",price_change,UP,0.92,599.76,0.92,0.93
2026-01-13 23:55:18,282,"Bitcoin Up or Down - January 13, 10:45AM-11:00AM ET",price_change,DOWN,0.03,4700.03,0.07,0.08
2026-01-13 23:55:19,281,"Bitcoin Up or Down - January 13, 10:45AM-11:00AM ET",price_change,DOWN,0.02,107079.58,0.07,0.08
2026-01-13 23:55:19,281,"Bitcoin Up or Down - January 13, 10:45AM-11:00AM ET",price_change,UP,0.35,1463.96,0.92,0.93
2026-01-13 23:55:20,280,"Bitcoin Up or Down - January 13, 10:45AM-11:00AM ET",price_change,DOWN,0.05,2330.23,0.07,0.08
2026-01-13 23:55:20,280,"Bitcoin Up or Down - January 13, 10:45AM-11:00AM ET",price_change,UP,0.9,2133.84,0.92,0.93
2026-01-13 23:55:21,279,"Bitcoin Up or Down - January 13, 10:45AM-11:00AM ET",price_change,UP,0.92,513.76,0.92,0.93
2026-01-13 23:55:21,279,"Bitcoin Up or Down - January 13, 10:45AM-11:00AM ET",price_change,DOWN,0.02,106676.66,0.07,0.08
2026-01-13 23:55:22,278,"Bitcoin Up or Down - January 13, 10:45AM-11:00AM ET",price_change,DOWN,0.05,2374.63,0.07,0.08
2026-01-13 23:55:22,278,"Bitcoin Up or Down - January 13, 10:45AM-11:00AM ET",price_change,UP,0.9,2260.34,0.92,0.93
2026-01-13 23:55:23,277,"Bitcoin Up or Down - January 13, 10:45AM-11:00AM ET",price_change,UP,0.88,1236.54,0.92,0.93
2026-01-13 23:55:23,277,"Bitcoin Up or Down - January 13, 10:45AM-11:00AM ET",price_change,DOWN,0.07,5286.06,0.07,0.08
2026-01-13 23:55:24,276,"Bitcoin Up or Down - January 13, 10:45AM-11:00AM ET",price_change,DOWN,0.05,2215.73,0.07,0.08
2026-01-13 23:55:24,276,"Bitcoin Up or Down - January 13, 10:45AM-11:00AM ET",price_change,UP,0.01,23130.76,0.92,0.93
2026-01-13 23:55:25,275,"Bitcoin Up or Down - January 13, 10:45AM-11:00AM ET",price_change,UP,0.92,144.17,0.92,0.93
2026-01-13 23:55:25,275,"Bitcoin Up or Down - January 13, 10:45AM-11:00AM ET",price_change,DOWN,0.05,2221.23,0.07,0.08
2026-01-13 23:55:26,274,"Bitcoin Up or Down - January 13, 10:45AM-11:00AM ET",price_change,DOWN,0.05,2210.73,0.07,0.08
2026-01-13 23:55:26,274,"Bitcoin Up or Down - January 13, 10:45AM-11:00AM ET",price_change,UP,0.89,2858.82,0.92,0.93
2026-01-13 23:55:27,273,"Bitcoin Up or Down - January 13, 10:45AM-11:00AM ET",price_change,DOWN,0.07,2425.48,0.07,0.08
2026-01-13 23:55:27,273,"Bitcoin Up or Down - January 13, 10:45AM-11:00AM ET",price_change,UP,0.92,2474.67,0.92,0.93
2026-01-13 23:55:28,272,"Bitcoin Up or Down - January 13, 10:45AM-11:00AM ET",price_change,DOWN,0.03,3185.69,0.07,0.08
2026-01-13 23:55:28,272,"Bitcoin Up or Down - January 13, 10:45AM-11:00AM ET",price_change,UP,0.91,4027.86,0.92,0.93
2026-01-13 23:55:29,271,"Bitcoin Up or Down - January 13, 10:45AM-11:00AM ET",price_change,UP,0.01,23055.84,0.92,0.93
2026-01-13 23:55:29,271,"Bitcoin Up or Down - January 13, 10:45AM-11:00AM ET",price_change,DOWN,0.04,1852.11,0.07,0.08
2026-01-13 23:55:30,270,"Bitcoin Up or Down - January 13, 10:45AM-11:00AM ET",price_change,DOWN,0.01,41347.39,0.07,0.08
2026-01-13 23:55:30,270,"Bitcoin Up or Down - January 13, 10:45AM-11:00AM ET",price_change,UP,0.92,3785.66,0.92,0.93
2026-01-13 23:55:31,269,"Bitcoin Up or Down - January 13, 10:45AM-11:00AM ET",price_change,DOWN,0.02,105177.58,0.05,0.06
2026-01-13 23:55:31,269,"Bitcoin Up or Down - January 13, 10:45AM-11:00AM ET",price_change,UP,0.93,5703.76,0.94,0.95
2026-01-13 23:55:32,268,"Bitcoin Up or Down - January 13, 10:45AM-11:00AM ET",price_change,DOWN,0.02,105077.58,0.05,0.06
