timestamp,time_left,event,event_type,buy_pick,buy_price,buy_size,buy_best_bid,buy_best_ask
2026-01-15 10:03:35,684,"Bitcoin Up or Down - January 14, 9:00PM-9:15PM ET",price_change,DOWN,0.41,125.61,0.41,0.42
2026-01-15 10:03:35,684,"Bitcoin Up or Down - January 14, 9:00PM-9:15PM ET",price_change,UP,0.58,1836.47,0.58,0.59
2026-01-15 10:03:36,684,"Bitcoin Up or Down - January 14, 9:00PM-9:15PM ET",price_change,DOWN,0.37,1669.91,0.41,0.42
2026-01-15 10:03:36,684,"Bitcoin Up or Down - January 14, 9:00PM-9:15PM ET",price_change,UP,0.43,1472.3,0.58,0.59
2026-01-15 10:03:37,683,"Bitcoin Up or Down - January 14, 9:00PM-9:15PM ET",price_change,DOWN,0.38,3394.57,0.41,0.42
2026-01-15 10:03:37,683,"Bitcoin Up or Down - January 14, 9:00PM-9:15PM ET",price_change,UP,0.57,1232.39,0.58,0.59
2026-01-15 10:03:38,682,"Bitcoin Up or Down - January 14, 9:00PM-9:15PM ET",price_change,DOWN,0.38,3399.57,0.4,0.41
2026-01-15 10:03:38,682,"Bitcoin Up or Down - January 14, 9:00PM-9:15PM ET",price_change,UP,0.58,2175.01,0.59,0.6
2026-01-15 10:03:39,681,"Bitcoin Up or Down - January 14, 9:00PM-9:15PM ET",price_change,DOWN,0.38,3384.57,0.4,0.41
2026-01-15 10:03:39,681,"Bitcoin Up or Down - January 14, 9:00PM-9:15PM ET",price_change,UP,0.59,197.32,0.59,0.6
2026-01-15 10:03:40,680,"Bitcoin Up or Down - January 14, 9:00PM-9:15PM ET",price_change,DOWN,0.37,1770.51,0.4,0.41
2026-01-15 10:03:40,680,"Bitcoin Up or Down - January 14, 9:00PM-9:15PM ET",price_change,UP,0.58,2194.01,0.59,0.6
2026-01-15 10:03:41,679,"Bitcoin Up or Down - January 14, 9:00PM-9:15PM ET",price_change,UP,0.59,112.98,0.59,0.6
2026-01-15 10:03:41,679,"Bitcoin Up or Down - January 14, 9:00PM-9:15PM ET",price_change,DOWN,0.38,3389.57,0.4,0.41
2026-01-15 10:03:42,678,"Bitcoin Up or Down - January 14, 9:00PM-9:15PM ET",price_change,DOWN,0.37,1798.56,0.4,0.41
2026-01-15 10:03:42,678,"Bitcoin Up or Down - January 14, 9:00PM-9:15PM ET",price_change,UP,0.56,1203.41,0.59,0.6
2026-01-15 10:03:43,677,"Bitcoin Up or Down - January 14, 9:00PM-9:15PM ET",price_change,UP,0.61,390.65,0.61,0.62
2026-01-15 10:03:43,677,"Bitcoin Up or Down - January 14, 9:00PM-9:15PM ET",price_change,DOWN,0.38,1150.41,0.38,0.39
2026-01-15 10:03:44,676,"Bitcoin Up or Down - January 14, 9:00PM-9:15PM ET",price_change,DOWN,0.39,212.6,0.39,0.41
2026-01-15 10:03:44,676,"Bitcoin Up or Down - January 14, 9:00PM-9:15PM ET",price_change,UP,0.59,901,0.59,0.61
2026-01-15 10:03:45,675,"Bitcoin Up or Down - January 14, 9:00PM-9:15PM ET",price_change,UP,0.59,1633,0.59,0.6
2026-01-15 10:03:45,675,"Bitcoin Up or Down - January 14, 9:00PM-9:15PM ET",price_change,DOWN,0.34,1560,0.4,0.41
2026-01-15 10:03:46,674,"Bitcoin Up or Down - January 14, 9:00PM-9:15PM ET",price_change,DOWN,0.39,287.57,0.4,0.41
2026-01-15 10:03:46,674,"Bitcoin Up or Down - January 14, 9:00PM-9:15PM ET",price_change,UP,0.57,1115.85,0.59,0.6
2026-01-15 10:03:47,673,"Bitcoin Up or Down - January 14, 9:00PM-9:15PM ET",price_change,DOWN,0.39,170.57,0.4,0.41
2026-01-15 10:03:47,673,"Bitcoin Up or Down - January 14, 9:00PM-9:15PM ET",price_change,UP,0.52,1407.72,0.59,0.6
2026-01-15 10:03:48,672,"Bitcoin Up or Down - January 14, 9:00PM-9:15PM ET",price_change,DOWN,0.39,261.57,0.4,0.41
2026-01-15 10:03:48,672,"Bitcoin Up or Down - January 14, 9:00PM-9:15PM ET",price_change,UP,0.57,1115.85,0.59,0.6
2026-01-15 10:03:49,671,"Bitcoin Up or Down - January 14, 9:00PM-9:15PM ET",price_change,DOWN,0.39,227.42,0.4,0.41
2026-01-15 10:03:49,671,"Bitcoin Up or Down - January 14, 9:00PM-9:15PM ET",price_change,UP,0.57,1110.85,0.59,0.6
2026-01-15 10:03:50,670,"Bitcoin Up or Down - January 14, 9:00PM-9:15PM ET",price_change,DOWN,0.39,268.92,0.4,0.41
2026-01-15 10:03:50,670,"Bitcoin Up or Down - January 14, 9:00PM-9:15PM ET",price_change,UP,0.53,1392,0.59,0.6
2026-01-15 10:03:51,669,"Bitcoin Up or Down - January 14, 9:00PM-9:15PM ET",price_change,DOWN,0.39,232.42,0.4,0.41
2026-01-15 10:03:51,669,"Bitcoin Up or Down - January 14, 9:00PM-9:15PM ET",price_change,UP,0.57,1110.85,0.59,0.6
2026-01-15 10:03:52,668,"Bitcoin Up or Down - January 14, 9:00PM-9:15PM ET",price_change,UP,0.59,2988.35,0.59,0.6
2026-01-15 10:03:52,668,"Bitcoin Up or Down - January 14, 9:00PM-9:15PM ET",price_change,DOWN,0.36,621,0.4,0.41
2026-01-15 10:03:53,667,"Bitcoin Up or Down - January 14, 9:00PM-9:15PM ET",price_change,UP,0.62,366.07,0.63,0.65
2026-01-15 10:03:53,667,"Bitcoin Up or Down - January 14, 9:00PM-9:15PM ET",price_change,DOWN,0.32,1482.5,0.35,0.37
2026-01-15 10:03:54,666,"Bitcoin Up or Down - January 14, 9:00PM-9:15PM ET",price_change,DOWN,0.34,1097.55,0.34,0.35
2026-01-15 10:03:54,666,"Bitcoin Up or Down - January 14, 9:00PM-9:15PM ET",price_change,UP,0.64,148.07,0.65,0.66
2026-01-15 10:03:55,665,"Bitcoin Up or Down - January 14, 9:00PM-9:15PM ET",price_change,DOWN,0.34,339.5,0.34,0.35
2026-01-15 10:03:55,665,"Bitcoin Up or Down - January 14, 9:00PM-9:15PM ET",price_change,UP,0.62,72,0.65,0.66
2026-01-15 10:03:56,664,"Bitcoin Up or Down - January 14, 9:00PM-9:15PM ET",price_change,DOWN,0.34,384.38,0.34,0.35
2026-01-15 10:03:56,664,"Bitcoin Up or Down - January 14, 9:00PM-9:15PM ET",price_change,UP,0.62,110,0.65,0.66
2026-01-15 10:03:57,663,"Bitcoin Up or Down - January 14, 9:00PM-9:15PM ET",price_change,DOWN,0.34,1855.34,0.34,0.36
2026-01-15 10:03:57,663,"Bitcoin Up or Down - January 14, 9:00PM-9:15PM ET",price_change,UP,0.64,39.07,0.64,0.65
2026-01-15 10:03:58,662,"Bitcoin Up or Down - January 14, 9:00PM-9:15PM ET",price_change,DOWN,0.35,100.37,0.35,0.36
2026-01-15 10:03:58,662,"Bitcoin Up or Down - January 14, 9:00PM-9:15PM ET",price_change,UP,0.58,1357.43,0.64,0.65
2026-01-15 10:03:59,661,"Bitcoin Up or Down - January 14, 9:00PM-9:15PM ET",price_change,DOWN,0.35,109.07,0.35,0.36
2026-01-15 10:03:59,661,"Bitcoin Up or Down - January 14, 9:00PM-9:15PM ET",price_change,UP,0.62,919,0.64,0.65
2026-01-15 10:04:00,660,"Bitcoin Up or Down - January 14, 9:00PM-9:15PM ET",price_change,UP,0.63,971.28,0.63,0.65
2026-01-15 10:04:00,660,"Bitcoin Up or Down - January 14, 9:00PM-9:15PM ET",price_change,DOWN,0.34,1709.91,0.35,0.37
2026-01-15 10:04:01,659,"Bitcoin Up or Down - January 14, 9:00PM-9:15PM ET",price_change,UP,0.64,756.5,0.64,0.65
2026-01-15 10:04:01,659,"Bitcoin Up or Down - January 14, 9:00PM-9:15PM ET",price_change,DOWN,0.13,6687.5,0.35,0.36
2026-01-15 10:04:02,658,"Bitcoin Up or Down - January 14, 9:00PM-9:15PM ET",price_change,DOWN,0.33,2293.26,0.36,0.37
2026-01-15 10:04:02,658,"Bitcoin Up or Down - January 14, 9:00PM-9:15PM ET",price_change,UP,0.61,1664,0.63,0.64
2026-01-15 10:04:03,657,"Bitcoin Up or Down - January 14, 9:00PM-9:15PM ET",price_change,DOWN,0.36,971.05,0.36,0.37
2026-01-15 10:04:03,657,"Bitcoin Up or Down - January 14, 9:00PM-9:15PM ET",price_change,UP,0.62,141.07,0.63,0.64
2026-01-15 10:04:04,656,"Bitcoin Up or Down - January 14, 9:00PM-9:15PM ET",price_change,DOWN,0.16,774.69,0.36,0.37
2026-01-15 10:04:04,656,"Bitcoin Up or Down - January 14, 9:00PM-9:15PM ET",price_change,UP,0.6,896.91,0.63,0.64
2026-01-15 10:04:05,655,"Bitcoin Up or Down - January 14, 9:00PM-9:15PM ET",price_change,DOWN,0.39,137.5,0.39,0.4
2026-01-15 10:04:05,655,"Bitcoin Up or Down - January 14, 9:00PM-9:15PM ET",price_change,UP,0.55,2886.8,0.6,0.61
2026-01-15 10:04:05,654,"Bitcoin Up or Down - January 14, 9:00PM-9:15PM ET",price_change,DOWN,0.16,764.69,0.41,0.42
2026-01-15 10:04:05,654,"Bitcoin Up or Down - January 14, 9:00PM-9:15PM ET",price_change,UP,0.54,1409,0.58,0.59
2026-01-15 10:04:06,654,"Bitcoin Up or Down - January 14, 9:00PM-9:15PM ET",price_change,UP,0.09,5033.34,0.58,0.59
2026-01-15 10:04:06,654,"Bitcoin Up or Down - January 14, 9:00PM-9:15PM ET",price_change,DOWN,0.09,5033.34,0.41,0.42
2026-01-15 10:04:07,653,"Bitcoin Up or Down - January 14, 9:00PM-9:15PM ET",price_change,UP,0.56,325.45,0.56,0.57
2026-01-15 10:04:07,653,"Bitcoin Up or Down - January 14, 9:00PM-9:15PM ET",price_change,DOWN,0.1,5184.7,0.43,0.44
2026-01-15 10:04:08,652,"Bitcoin Up or Down - January 14, 9:00PM-9:15PM ET",price_change,UP,0.53,887.5,0.56,0.57
2026-01-15 10:04:08,652,"Bitcoin Up or Down - January 14, 9:00PM-9:15PM ET",price_change,DOWN,0.43,1448.4,0.43,0.44
2026-01-15 10:04:09,651,"Bitcoin Up or Down - January 14, 9:00PM-9:15PM ET",price_change,DOWN,0.43,1173.2,0.43,0.44
2026-01-15 10:04:09,651,"Bitcoin Up or Down - January 14, 9:00PM-9:15PM ET",price_change,UP,0.55,2652.19,0.56,0.57
2026-01-15 10:04:10,650,"Bitcoin Up or Down - January 14, 9:00PM-9:15PM ET",price_change,UP,0.54,1106,0.56,0.57
2026-01-15 10:04:10,650,"Bitcoin Up or Down - January 14, 9:00PM-9:15PM ET",price_change,DOWN,0.41,2206,0.43,0.44
2026-01-15 10:04:11,649,"Bitcoin Up or Down - January 14, 9:00PM-9:15PM ET",price_change,DOWN,0.43,959.33,0.44,0.45
2026-01-15 10:04:11,649,"Bitcoin Up or Down - January 14, 9:00PM-9:15PM ET",price_change,UP,0.15,117.57,0.55,0.56
2026-01-15 10:04:12,648,"Bitcoin Up or Down - January 14, 9:00PM-9:15PM ET",price_change,DOWN,0.42,893,0.44,0.45
2026-01-15 10:04:12,648,"Bitcoin Up or Down - January 14, 9:00PM-9:15PM ET",price_change,UP,0.49,1527.57,0.55,0.56
2026-01-15 10:04:13,647,"Bitcoin Up or Down - January 14, 9:00PM-9:15PM ET",price_change,DOWN,0.42,893,0.44,0.45
2026-01-15 10:04:13,647,"Bitcoin Up or Down - January 14, 9:00PM-9:15PM ET",price_change,UP,0.55,3520.3,0.55,0.56
2026-01-15 10:04:14,646,"Bitcoin Up or Down - January 14, 9:00PM-9:15PM ET",price_change,DOWN,0.44,1521.54,0.44,0.45
2026-01-15 10:04:14,646,"Bitcoin Up or Down - January 14, 9:00PM-9:15PM ET",price_change,UP,0.5,1567,0.55,0.56
2026-01-15 10:04:15,645,"Bitcoin Up or Down - January 14, 9:00PM-9:15PM ET",price_change,UP,0.55,1507.98,0.55,0.56
2026-01-15 10:04:15,645,"Bitcoin Up or Down - January 14, 9:00PM-9:15PM ET",price_change,DOWN,0.44,1736.07,0.44,0.45
2026-01-15 10:04:16,644,"Bitcoin Up or Down - January 14, 9:00PM-9:15PM ET",price_change,DOWN,0.44,2377.65,0.44,0.45
2026-01-15 10:04:16,644,"Bitcoin Up or Down - January 14, 9:00PM-9:15PM ET",price_change,UP,0.52,922.54,0.55,0.56
2026-01-15 10:04:17,643,"Bitcoin Up or Down - January 14, 9:00PM-9:15PM ET",price_change,DOWN,0.44,2219.23,0.44,0.45
2026-01-15 10:04:17,643,"Bitcoin Up or Down - January 14, 9:00PM-9:15PM ET",price_change,UP,0.54,123.97,0.55,0.56
2026-01-15 10:04:18,642,"Bitcoin Up or Down - January 14, 9:00PM-9:15PM ET",price_change,DOWN,0.43,1745.5,0.44,0.45
2026-01-15 10:04:18,642,"Bitcoin Up or Down - January 14, 9:00PM-9:15PM ET",price_change,UP,0.52,940.01,0.55,0.56
2026-01-15 10:04:19,641,"Bitcoin Up or Down - January 14, 9:00PM-9:15PM ET",price_change,DOWN,0.44,2326.24,0.44,0.45
2026-01-15 10:04:19,641,"Bitcoin Up or Down - January 14, 9:00PM-9:15PM ET",price_change,UP,0.54,122.47,0.55,0.56
2026-01-15 10:04:20,640,"Bitcoin Up or Down - January 14, 9:00PM-9:15PM ET",price_change,DOWN,0.44,2398.24,0.44,0.45
2026-01-15 10:04:20,640,"Bitcoin Up or Down - January 14, 9:00PM-9:15PM ET",price_change,UP,0.49,1706.37,0.55,0.56
2026-01-15 10:04:21,639,"Bitcoin Up or Down - January 14, 9:00PM-9:15PM ET",price_change,DOWN,0.44,2403.52,0.44,0.45
2026-01-15 10:04:21,639,"Bitcoin Up or Down - January 14, 9:00PM-9:15PM ET",price_change,UP,0.52,887.09,0.55,0.56
2026-01-15 10:04:22,638,"Bitcoin Up or Down - January 14, 9:00PM-9:15PM ET",price_change,UP,0.49,1688.37,0.55,0.56
2026-01-15 10:04:22,638,"Bitcoin Up or Down - January 14, 9:00PM-9:15PM ET",price_change,DOWN,0.31,1463.1,0.44,0.45
2026-01-15 10:04:23,637,"Bitcoin Up or Down - January 14, 9:00PM-9:15PM ET",price_change,UP,0.55,801.77,0.55,0.56
2026-01-15 10:04:23,637,"Bitcoin Up or Down - January 14, 9:00PM-9:15PM ET",price_change,DOWN,0.26,1478.8,0.44,0.45
2026-01-15 10:04:24,636,"Bitcoin Up or Down - January 14, 9:00PM-9:15PM ET",price_change,UP,0.52,1464.51,0.55,0.56
2026-01-15 10:04:24,636,"Bitcoin Up or Down - January 14, 9:00PM-9:15PM ET",price_change,DOWN,0.44,2048.66,0.44,0.45
2026-01-15 10:04:25,635,"Bitcoin Up or Down - January 14, 9:00PM-9:15PM ET",price_change,DOWN,0.44,2151.22,0.44,0.45
2026-01-15 10:04:25,635,"Bitcoin Up or Down - January 14, 9:00PM-9:15PM ET",price_change,UP,0.53,1712.58,0.55,0.56
2026-01-15 10:04:26,634,"Bitcoin Up or Down - January 14, 9:00PM-9:15PM ET",price_change,DOWN,0.34,1482.8,0.44,0.45
2026-01-15 10:04:26,634,"Bitcoin Up or Down - January 14, 9:00PM-9:15PM ET",price_change,UP,0.52,1439.55,0.55,0.56
2026-01-15 10:04:27,633,"Bitcoin Up or Down - January 14, 9:00PM-9:15PM ET",price_change,DOWN,0.41,21,0.41,0.42
2026-01-15 10:04:27,633,"Bitcoin Up or Down - January 14, 9:00PM-9:15PM ET",price_change,UP,0.55,3381.7,0.58,0.6
2026-01-15 10:04:28,632,"Bitcoin Up or Down - January 14, 9:00PM-9:15PM ET",price_change,DOWN,0.25,1553.76,0.39,0.4
2026-01-15 10:04:28,632,"Bitcoin Up or Down - January 14, 9:00PM-9:15PM ET",price_change,UP,0.6,616.9,0.6,0.61
2026-01-15 10:04:29,631,"Bitcoin Up or Down - January 14, 9:00PM-9:15PM ET",price_change,DOWN,0.36,1466.5,0.39,0.4
2026-01-15 10:04:29,631,"Bitcoin Up or Down - January 14, 9:00PM-9:15PM ET",price_change,UP,0.6,1712.77,0.6,0.61
2026-01-15 10:04:30,630,"Bitcoin Up or Down - January 14, 9:00PM-9:15PM ET",price_change,UP,0.54,1394.01,0.61,0.62
2026-01-15 10:04:30,630,"Bitcoin Up or Down - January 14, 9:00PM-9:15PM ET",price_change,DOWN,0.31,1494.23,0.38,0.39
2026-01-15 10:04:31,629,"Bitcoin Up or Down - January 14, 9:00PM-9:15PM ET",price_change,UP,0.6,1514.49,0.61,0.62
2026-01-15 10:04:31,629,"Bitcoin Up or Down - January 14, 9:00PM-9:15PM ET",price_change,DOWN,0.33,1797.9,0.38,0.39
2026-01-15 10:04:32,628,"Bitcoin Up or Down - January 14, 9:00PM-9:15PM ET",price_change,UP,0.59,968,0.61,0.62
2026-01-15 10:04:32,628,"Bitcoin Up or Down - January 14, 9:00PM-9:15PM ET",price_change,DOWN,0.35,1742.7,0.38,0.39
2026-01-15 10:04:33,627,"Bitcoin Up or Down - January 14, 9:00PM-9:15PM ET",price_change,DOWN,0.35,1762.7,0.38,0.39
2026-01-15 10:04:33,627,"Bitcoin Up or Down - January 14, 9:00PM-9:15PM ET",price_change,UP,0.54,1405.01,0.61,0.62
2026-01-15 10:04:34,626,"Bitcoin Up or Down - January 14, 9:00PM-9:15PM ET",price_change,DOWN,0.35,1041.7,0.37,0.38
2026-01-15 10:04:34,626,"Bitcoin Up or Down - January 14, 9:00PM-9:15PM ET",price_change,UP,0.61,1032.31,0.62,0.63
2026-01-15 10:04:35,625,"Bitcoin Up or Down - January 14, 9:00PM-9:15PM ET",price_change,DOWN,0.37,969.5,0.37,0.38
2026-01-15 10:04:35,625,"Bitcoin Up or Down - January 14, 9:00PM-9:15PM ET",price_change,UP,0.62,1021.5,0.62,0.63
2026-01-15 10:04:36,624,"Bitcoin Up or Down - January 14, 9:00PM-9:15PM ET",price_change,DOWN,0.37,75,0.37,0.38
2026-01-15 10:04:36,624,"Bitcoin Up or Down - January 14, 9:00PM-9:15PM ET",price_change,UP,0.6,2250.42,0.62,0.63
2026-01-15 10:04:37,623,"Bitcoin Up or Down - January 14, 9:00PM-9:15PM ET",price_change,DOWN,0.37,866.57,0.37,0.38
2026-01-15 10:04:37,623,"Bitcoin Up or Down - January 14, 9:00PM-9:15PM ET",price_change,UP,0.61,1362.23,0.62,0.63
2026-01-15 10:04:38,622,"Bitcoin Up or Down - January 14, 9:00PM-9:15PM ET",price_change,DOWN,0.37,865.5,0.37,0.38
2026-01-15 10:04:38,622,"Bitcoin Up or Down - January 14, 9:00PM-9:15PM ET",price_change,UP,0.61,1268.23,0.62,0.63
2026-01-15 10:04:39,621,"Bitcoin Up or Down - January 14, 9:00PM-9:15PM ET",price_change,DOWN,0.37,905,0.37,0.38
2026-01-15 10:04:39,621,"Bitcoin Up or Down - January 14, 9:00PM-9:15PM ET",price_change,UP,0.59,1249,0.62,0.63
2026-01-15 10:04:40,620,"Bitcoin Up or Down - January 14, 9:00PM-9:15PM ET",price_change,DOWN,0.37,845,0.37,0.38
2026-01-15 10:04:40,620,"Bitcoin Up or Down - January 14, 9:00PM-9:15PM ET",price_change,UP,0.56,2386,0.62,0.63
2026-01-15 10:04:41,619,"Bitcoin Up or Down - January 14, 9:00PM-9:15PM ET",price_change,DOWN,0.37,785.23,0.37,0.38
2026-01-15 10:04:41,619,"Bitcoin Up or Down - January 14, 9:00PM-9:15PM ET",price_change,UP,0.6,2234,0.62,0.63
2026-01-15 10:04:42,618,"Bitcoin Up or Down - January 14, 9:00PM-9:15PM ET",price_change,DOWN,0.37,1505.23,0.37,0.38
2026-01-15 10:04:42,618,"Bitcoin Up or Down - January 14, 9:00PM-9:15PM ET",price_change,UP,0.49,1387.57,0.62,0.63
2026-01-15 10:04:43,617,"Bitcoin Up or Down - January 14, 9:00PM-9:15PM ET",price_change,DOWN,0.37,744.94,0.37,0.38
2026-01-15 10:04:43,617,"Bitcoin Up or Down - January 14, 9:00PM-9:15PM ET",price_change,UP,0.61,1285.81,0.62,0.63
2026-01-15 10:04:44,616,"Bitcoin Up or Down - January 14, 9:00PM-9:15PM ET",price_change,DOWN,0.37,1561.59,0.37,0.38
2026-01-15 10:04:44,616,"Bitcoin Up or Down - January 14, 9:00PM-9:15PM ET",price_change,UP,0.59,1201,0.62,0.63
2026-01-15 10:04:45,615,"Bitcoin Up or Down - January 14, 9:00PM-9:15PM ET",price_change,DOWN,0.37,1554.66,0.37,0.38
2026-01-15 10:04:45,615,"Bitcoin Up or Down - January 14, 9:00PM-9:15PM ET",price_change,UP,0.55,2768.69,0.62,0.63
2026-01-15 10:04:46,614,"Bitcoin Up or Down - January 14, 9:00PM-9:15PM ET",price_change,DOWN,0.37,1576.16,0.37,0.38
2026-01-15 10:04:46,614,"Bitcoin Up or Down - January 14, 9:00PM-9:15PM ET",price_change,UP,0.59,1166,0.62,0.63
2026-01-15 10:04:47,613,"Bitcoin Up or Down - January 14, 9:00PM-9:15PM ET",price_change,DOWN,0.37,1571.16,0.37,0.38
2026-01-15 10:04:47,613,"Bitcoin Up or Down - January 14, 9:00PM-9:15PM ET",price_change,UP,0.59,1166,0.62,0.63
2026-01-15 10:04:48,612,"Bitcoin Up or Down - January 14, 9:00PM-9:15PM ET",price_change,DOWN,0.37,1536.16,0.37,0.38
2026-01-15 10:04:48,612,"Bitcoin Up or Down - January 14, 9:00PM-9:15PM ET",price_change,UP,0.6,2282,0.62,0.63
2026-01-15 10:04:49,611,"Bitcoin Up or Down - January 14, 9:00PM-9:15PM ET",price_change,DOWN,0.37,2126.16,0.37,0.38
2026-01-15 10:04:49,611,"Bitcoin Up or Down - January 14, 9:00PM-9:15PM ET",price_change,UP,0.6,2276,0.62,0.63
2026-01-15 10:04:50,610,"Bitcoin Up or Down - January 14, 9:00PM-9:15PM ET",price_change,UP,0.59,1180,0.61,0.62
2026-01-15 10:04:50,610,"Bitcoin Up or Down - January 14, 9:00PM-9:15PM ET",price_change,DOWN,0.38,101.81,0.38,0.39
2026-01-15 10:04:51,609,"Bitcoin Up or Down - January 14, 9:00PM-9:15PM ET",price_change,DOWN,0.38,1019.81,0.38,0.39
2026-01-15 10:04:51,609,"Bitcoin Up or Down - January 14, 9:00PM-9:15PM ET",price_change,UP,0.59,1180,0.61,0.62
2026-01-15 10:04:52,608,"Bitcoin Up or Down - January 14, 9:00PM-9:15PM ET",price_change,DOWN,0.38,1093.31,0.38,0.39
2026-01-15 10:04:52,608,"Bitcoin Up or Down - January 14, 9:00PM-9:15PM ET",price_change,UP,0.6,1127.49,0.61,0.62
2026-01-15 10:04:53,607,"Bitcoin Up or Down - January 14, 9:00PM-9:15PM ET",price_change,DOWN,0.38,1165.31,0.38,0.39
2026-01-15 10:04:53,607,"Bitcoin Up or Down - January 14, 9:00PM-9:15PM ET",price_change,UP,0.56,2677,0.61,0.62
2026-01-15 10:04:54,606,"Bitcoin Up or Down - January 14, 9:00PM-9:15PM ET",price_change,DOWN,0.38,1165.31,0.38,0.39
2026-01-15 10:04:54,606,"Bitcoin Up or Down - January 14, 9:00PM-9:15PM ET",price_change,UP,0.56,2677,0.61,0.62
2026-01-15 10:04:55,605,"Bitcoin Up or Down - January 14, 9:00PM-9:15PM ET",price_change,DOWN,0.38,1156.31,0.38,0.39
2026-01-15 10:04:55,605,"Bitcoin Up or Down - January 14, 9:00PM-9:15PM ET",price_change,UP,0.61,118.73,0.61,0.62
2026-01-15 10:04:56,604,"Bitcoin Up or Down - January 14, 9:00PM-9:15PM ET",price_change,UP,0.57,1387,0.61,0.62
2026-01-15 10:04:56,604,"Bitcoin Up or Down - January 14, 9:00PM-9:15PM ET",price_change,DOWN,0.38,1124.31,0.38,0.39
2026-01-15 10:04:57,603,"Bitcoin Up or Down - January 14, 9:00PM-9:15PM ET",price_change,DOWN,0.38,888.69,0.38,0.39
2026-01-15 10:04:57,603,"Bitcoin Up or Down - January 14, 9:00PM-9:15PM ET",price_change,UP,0.54,1382,0.61,0.62
2026-01-15 10:04:58,602,"Bitcoin Up or Down - January 14, 9:00PM-9:15PM ET",price_change,DOWN,0.38,861.19,0.38,0.39
2026-01-15 10:04:58,602,"Bitcoin Up or Down - January 14, 9:00PM-9:15PM ET",price_change,UP,0.61,31.5,0.61,0.62
2026-01-15 10:04:59,601,"Bitcoin Up or Down - January 14, 9:00PM-9:15PM ET",price_change,DOWN,0.33,1507.9,0.38,0.39
2026-01-15 10:04:59,601,"Bitcoin Up or Down - January 14, 9:00PM-9:15PM ET",price_change,UP,0.56,2397,0.61,0.62
2026-01-15 10:05:00,600,"Bitcoin Up or Down - January 14, 9:00PM-9:15PM ET",price_change,DOWN,0.38,1110.18,0.38,0.39
2026-01-15 10:05:00,600,"Bitcoin Up or Down - January 14, 9:00PM-9:15PM ET",price_change,UP,0.58,2005,0.61,0.62
2026-01-15 10:05:01,599,"Bitcoin Up or Down - January 14, 9:00PM-9:15PM ET",price_change,DOWN,0.38,1033.98,0.38,0.39
2026-01-15 10:05:01,599,"Bitcoin Up or Down - January 14, 9:00PM-9:15PM ET",price_change,UP,0.4,1717.4,0.61,0.62
2026-01-15 10:05:02,598,"Bitcoin Up or Down - January 14, 9:00PM-9:15PM ET",price_change,DOWN,0.38,127.21,0.38,0.39
2026-01-15 10:05:02,598,"Bitcoin Up or Down - January 14, 9:00PM-9:15PM ET",price_change,UP,0.58,1990,0.61,0.62
2026-01-15 10:05:03,597,"Bitcoin Up or Down - January 14, 9:00PM-9:15PM ET",price_change,DOWN,0.35,444.59,0.38,0.39
2026-01-15 10:05:03,597,"Bitcoin Up or Down - January 14, 9:00PM-9:15PM ET",price_change,UP,0.61,1971.01,0.61,0.62
2026-01-15 10:05:04,596,"Bitcoin Up or Down - January 14, 9:00PM-9:15PM ET",price_change,UP,0.67,109.01,0.67,0.68
2026-01-15 10:05:04,596,"Bitcoin Up or Down - January 14, 9:00PM-9:15PM ET",price_change,DOWN,0.32,2315.29,0.32,0.33
2026-01-15 10:05:04,595,"Bitcoin Up or Down - January 14, 9:00PM-9:15PM ET",price_change,DOWN,0.33,174,0.33,0.34
2026-01-15 10:05:04,595,"Bitcoin Up or Down - January 14, 9:00PM-9:15PM ET",price_change,UP,0.66,69.5,0.66,0.67
2026-01-15 10:05:04,595,"Bitcoin Up or Down - January 14, 9:00PM-9:15PM ET",price_change,DOWN,0.32,2220.68,0.33,0.34
2026-01-15 10:05:05,595,"Bitcoin Up or Down - January 14, 9:00PM-9:15PM ET",price_change,DOWN,0.33,177.17,0.33,0.34
2026-01-15 10:05:05,595,"Bitcoin Up or Down - January 14, 9:00PM-9:15PM ET",price_change,UP,0.07,5070.42,0.66,0.67
2026-01-15 10:05:06,594,"Bitcoin Up or Down - January 14, 9:00PM-9:15PM ET",price_change,DOWN,0.08,5199.2,0.34,0.35
2026-01-15 10:05:06,594,"Bitcoin Up or Down - January 14, 9:00PM-9:15PM ET",price_change,UP,0.08,5199.2,0.65,0.66
2026-01-15 10:05:07,593,"Bitcoin Up or Down - January 14, 9:00PM-9:15PM ET",price_change,DOWN,0.34,132.16,0.34,0.35
2026-01-15 10:05:07,593,"Bitcoin Up or Down - January 14, 9:00PM-9:15PM ET",price_change,UP,0.61,1374.34,0.65,0.66
2026-01-15 10:05:08,592,"Bitcoin Up or Down - January 14, 9:00PM-9:15PM ET",price_change,UP,0.63,120.68,0.63,0.65
2026-01-15 10:05:08,592,"Bitcoin Up or Down - January 14, 9:00PM-9:15PM ET",price_change,DOWN,0.35,459,0.35,0.37
2026-01-15 10:05:09,591,"Bitcoin Up or Down - January 14, 9:00PM-9:15PM ET",price_change,DOWN,0.35,200.23,0.35,0.36
2026-01-15 10:05:09,591,"Bitcoin Up or Down - January 14, 9:00PM-9:15PM ET",price_change,UP,0.61,1687.34,0.64,0.65
2026-01-15 10:05:10,590,"Bitcoin Up or Down - January 14, 9:00PM-9:15PM ET",price_change,DOWN,0.35,223.23,0.35,0.36
2026-01-15 10:05:10,590,"Bitcoin Up or Down - January 14, 9:00PM-9:15PM ET",price_change,UP,0.58,1428.3,0.64,0.65
2026-01-15 10:05:11,589,"Bitcoin Up or Down - January 14, 9:00PM-9:15PM ET",price_change,UP,0.63,838.57,0.64,0.65
2026-01-15 10:05:11,589,"Bitcoin Up or Down - January 14, 9:00PM-9:15PM ET",price_change,DOWN,0.35,968.23,0.35,0.36
2026-01-15 10:05:12,588,"Bitcoin Up or Down - January 14, 9:00PM-9:15PM ET",price_change,DOWN,0.35,1014.43,0.35,0.36
2026-01-15 10:05:12,588,"Bitcoin Up or Down - January 14, 9:00PM-9:15PM ET",price_change,UP,0.62,1138,0.64,0.65
2026-01-15 10:05:13,587,"Bitcoin Up or Down - January 14, 9:00PM-9:15PM ET",price_change,UP,0.62,1153.57,0.63,0.64
2026-01-15 10:05:13,587,"Bitcoin Up or Down - January 14, 9:00PM-9:15PM ET",price_change,DOWN,0.35,1065.24,0.36,0.37
2026-01-15 10:05:14,586,"Bitcoin Up or Down - January 14, 9:00PM-9:15PM ET",price_change,DOWN,0.36,973.5,0.36,0.37
2026-01-15 10:05:14,586,"Bitcoin Up or Down - January 14, 9:00PM-9:15PM ET",price_change,UP,0.63,48.08,0.63,0.64
2026-01-15 10:05:15,585,"Bitcoin Up or Down - January 14, 9:00PM-9:15PM ET",price_change,DOWN,0.39,722.66,0.39,0.43
2026-01-15 10:05:15,585,"Bitcoin Up or Down - January 14, 9:00PM-9:15PM ET",price_change,UP,0.46,1763.34,0.57,0.6
2026-01-15 10:05:16,584,"Bitcoin Up or Down - January 14, 9:00PM-9:15PM ET",price_change,DOWN,0.37,270.6,0.4,0.41
2026-01-15 10:05:16,584,"Bitcoin Up or Down - January 14, 9:00PM-9:15PM ET",price_change,UP,0.58,246,0.59,0.6
2026-01-15 10:05:17,583,"Bitcoin Up or Down - January 14, 9:00PM-9:15PM ET",price_change,DOWN,0.37,289.6,0.4,0.41
2026-01-15 10:05:17,583,"Bitcoin Up or Down - January 14, 9:00PM-9:15PM ET",price_change,UP,0.53,1502.8,0.59,0.6
2026-01-15 10:05:18,582,"Bitcoin Up or Down - January 14, 9:00PM-9:15PM ET",price_change,UP,0.54,1767,0.6,0.61
2026-01-15 10:05:18,582,"Bitcoin Up or Down - January 14, 9:00PM-9:15PM ET",price_change,DOWN,0.37,255.5,0.39,0.4
2026-01-15 10:05:19,581,"Bitcoin Up or Down - January 14, 9:00PM-9:15PM ET",price_change,DOWN,0.37,241.07,0.38,0.39
2026-01-15 10:05:19,581,"Bitcoin Up or Down - January 14, 9:00PM-9:15PM ET",price_change,UP,0.6,59.57,0.61,0.62
2026-01-15 10:05:20,580,"Bitcoin Up or Down - January 14, 9:00PM-9:15PM ET",price_change,DOWN,0.34,1152.7,0.37,0.38
2026-01-15 10:05:20,580,"Bitcoin Up or Down - January 14, 9:00PM-9:15PM ET",price_change,UP,0.62,242.58,0.62,0.63
2026-01-15 10:05:21,579,"Bitcoin Up or Down - January 14, 9:00PM-9:15PM ET",price_change,DOWN,0.35,2145.7,0.37,0.38
2026-01-15 10:05:21,579,"Bitcoin Up or Down - January 14, 9:00PM-9:15PM ET",price_change,UP,0.49,1372.57,0.62,0.63
2026-01-15 10:05:21,578,"Bitcoin Up or Down - January 14, 9:00PM-9:15PM ET",price_change,DOWN,0.33,4866.9,0.37,0.38
2026-01-15 10:05:21,578,"Bitcoin Up or Down - January 14, 9:00PM-9:15PM ET",price_change,UP,0.62,1258.91,0.62,0.63
2026-01-15 10:05:21,578,"Bitcoin Up or Down - January 14, 9:00PM-9:15PM ET",price_change,UP,0.62,1286.06,0.62,0.63
2026-01-15 10:05:22,578,"Bitcoin Up or Down - January 14, 9:00PM-9:15PM ET",price_change,DOWN,0.36,124.57,0.37,0.38
2026-01-15 10:05:22,578,"Bitcoin Up or Down - January 14, 9:00PM-9:15PM ET",price_change,UP,0.62,1256.06,0.62,0.63
2026-01-15 10:05:23,577,"Bitcoin Up or Down - January 14, 9:00PM-9:15PM ET",price_change,DOWN,0.02,9267.58,0.35,0.36
2026-01-15 10:05:23,577,"Bitcoin Up or Down - January 14, 9:00PM-9:15PM ET",price_change,UP,0.61,2532,0.64,0.65
2026-01-15 10:05:24,576,"Bitcoin Up or Down - January 14, 9:00PM-9:15PM ET",price_change,DOWN,0.03,152020.94,0.35,0.36
2026-01-15 10:05:24,576,"Bitcoin Up or Down - January 14, 9:00PM-9:15PM ET",price_change,UP,0.62,1853,0.64,0.65
2026-01-15 10:05:25,575,"Bitcoin Up or Down - January 14, 9:00PM-9:15PM ET",price_change,DOWN,0.03,152020.94,0.35,0.36
2026-01-15 10:05:25,575,"Bitcoin Up or Down - January 14, 9:00PM-9:15PM ET",price_change,UP,0.55,1754.44,0.64,0.65
2026-01-15 10:05:26,574,"Bitcoin Up or Down - January 14, 9:00PM-9:15PM ET",price_change,UP,0.63,988.3,0.65,0.66
2026-01-15 10:05:26,574,"Bitcoin Up or Down - January 14, 9:00PM-9:15PM ET",price_change,DOWN,0.03,152020.94,0.34,0.35
2026-01-15 10:05:27,573,"Bitcoin Up or Down - January 14, 9:00PM-9:15PM ET",price_change,DOWN,0.03,152020.94,0.34,0.35
2026-01-15 10:05:27,573,"Bitcoin Up or Down - January 14, 9:00PM-9:15PM ET",price_change,UP,0.65,148.89,0.65,0.66
2026-01-15 10:05:28,572,"Bitcoin Up or Down - January 14, 9:00PM-9:15PM ET",price_change,DOWN,0.35,149.64,0.35,0.36
2026-01-15 10:05:28,572,"Bitcoin Up or Down - January 14, 9:00PM-9:15PM ET",price_change,UP,0.63,945.4,0.64,0.65
2026-01-15 10:05:29,571,"Bitcoin Up or Down - January 14, 9:00PM-9:15PM ET",price_change,DOWN,0.33,5491.45,0.35,0.36
2026-01-15 10:05:29,571,"Bitcoin Up or Down - January 14, 9:00PM-9:15PM ET",price_change,UP,0.64,1046.47,0.64,0.65
2026-01-15 10:05:30,570,"Bitcoin Up or Down - January 14, 9:00PM-9:15PM ET",price_change,DOWN,0.35,60.48,0.35,0.36
2026-01-15 10:05:30,570,"Bitcoin Up or Down - January 14, 9:00PM-9:15PM ET",price_change,UP,0.64,1814.71,0.64,0.65
2026-01-15 10:05:31,569,"Bitcoin Up or Down - January 14, 9:00PM-9:15PM ET",price_change,DOWN,0.34,1092.39,0.35,0.36
2026-01-15 10:05:31,569,"Bitcoin Up or Down - January 14, 9:00PM-9:15PM ET",price_change,UP,0.45,1683.3,0.64,0.65
2026-01-15 10:05:31,568,"Bitcoin Up or Down - January 14, 9:00PM-9:15PM ET",price_change,UP,0.62,1252.02,0.64,0.65
2026-01-15 10:05:32,568,"Bitcoin Up or Down - January 14, 9:00PM-9:15PM ET",price_change,UP,0.6,1125.08,0.64,0.65
2026-01-15 10:05:32,568,"Bitcoin Up or Down - January 14, 9:00PM-9:15PM ET",price_change,DOWN,0.35,1753,0.35,0.36
2026-01-15 10:05:33,567,"Bitcoin Up or Down - January 14, 9:00PM-9:15PM ET",price_change,DOWN,0.35,2539.7,0.35,0.36
2026-01-15 10:05:33,567,"Bitcoin Up or Down - January 14, 9:00PM-9:15PM ET",price_change,UP,0.5,1547.2,0.64,0.65
2026-01-15 10:05:34,566,"Bitcoin Up or Down - January 14, 9:00PM-9:15PM ET",price_change,DOWN,0.35,2602.52,0.35,0.36
2026-01-15 10:05:34,566,"Bitcoin Up or Down - January 14, 9:00PM-9:15PM ET",price_change,UP,0.6,1140.08,0.64,0.65
2026-01-15 10:05:35,565,"Bitcoin Up or Down - January 14, 9:00PM-9:15PM ET",price_change,UP,0.6,899.08,0.64,0.65
2026-01-15 10:05:35,565,"Bitcoin Up or Down - January 14, 9:00PM-9:15PM ET",price_change,DOWN,0.35,2481.52,0.35,0.36
2026-01-15 10:05:36,564,"Bitcoin Up or Down - January 14, 9:00PM-9:15PM ET",price_change,DOWN,0.35,2388.02,0.35,0.36
2026-01-15 10:05:36,564,"Bitcoin Up or Down - January 14, 9:00PM-9:15PM ET",price_change,UP,0.64,4.21,0.64,0.65
2026-01-15 10:05:37,563,"Bitcoin Up or Down - January 14, 9:00PM-9:15PM ET",price_change,DOWN,0.36,158.09,0.36,0.37
2026-01-15 10:05:37,563,"Bitcoin Up or Down - January 14, 9:00PM-9:15PM ET",price_change,UP,0.63,203.34,0.63,0.64
2026-01-15 10:05:38,562,"Bitcoin Up or Down - January 14, 9:00PM-9:15PM ET",price_change,DOWN,0.36,2103.59,0.36,0.37
2026-01-15 10:05:38,562,"Bitcoin Up or Down - January 14, 9:00PM-9:15PM ET",price_change,UP,0.62,1225.4,0.63,0.64
2026-01-15 10:05:39,561,"Bitcoin Up or Down - January 14, 9:00PM-9:15PM ET",price_change,DOWN,0.36,2027.34,0.36,0.37
2026-01-15 10:05:39,561,"Bitcoin Up or Down - January 14, 9:00PM-9:15PM ET",price_change,UP,0.59,1236.32,0.63,0.64
2026-01-15 10:05:40,560,"Bitcoin Up or Down - January 14, 9:00PM-9:15PM ET",price_change,DOWN,0.36,2049.84,0.36,0.37
2026-01-15 10:05:40,560,"Bitcoin Up or Down - January 14, 9:00PM-9:15PM ET",price_change,UP,0.63,44.61,0.63,0.64
2026-01-15 10:05:41,559,"Bitcoin Up or Down - January 14, 9:00PM-9:15PM ET",price_change,DOWN,0.36,2058.08,0.36,0.37
2026-01-15 10:05:41,559,"Bitcoin Up or Down - January 14, 9:00PM-9:15PM ET",price_change,UP,0.59,1188.32,0.63,0.64
2026-01-15 10:05:42,558,"Bitcoin Up or Down - January 14, 9:00PM-9:15PM ET",price_change,UP,0.6,695.48,0.6,0.61
2026-01-15 10:05:42,558,"Bitcoin Up or Down - January 14, 9:00PM-9:15PM ET",price_change,DOWN,0.36,2631.5,0.39,0.4
2026-01-15 10:05:43,557,"Bitcoin Up or Down - January 14, 9:00PM-9:15PM ET",price_change,DOWN,0.39,53.25,0.39,0.4
2026-01-15 10:05:43,557,"Bitcoin Up or Down - January 14, 9:00PM-9:15PM ET",price_change,UP,0.58,1253,0.6,0.61
2026-01-15 10:05:44,556,"Bitcoin Up or Down - January 14, 9:00PM-9:15PM ET",price_change,UP,0.6,4,0.6,0.61
2026-01-15 10:05:44,556,"Bitcoin Up or Down - January 14, 9:00PM-9:15PM ET",price_change,DOWN,0.18,5507.78,0.39,0.4
2026-01-15 10:05:45,555,"Bitcoin Up or Down - January 14, 9:00PM-9:15PM ET",price_change,UP,0.58,1253,0.59,0.6
2026-01-15 10:05:45,555,"Bitcoin Up or Down - January 14, 9:00PM-9:15PM ET",price_change,DOWN,0.36,2594.42,0.4,0.41
2026-01-15 10:05:46,554,"Bitcoin Up or Down - January 14, 9:00PM-9:15PM ET",price_change,DOWN,0.39,837.5,0.39,0.4
2026-01-15 10:05:46,554,"Bitcoin Up or Down - January 14, 9:00PM-9:15PM ET",price_change,UP,0.56,1493.92,0.6,0.61
2026-01-15 10:05:47,553,"Bitcoin Up or Down - January 14, 9:00PM-9:15PM ET",price_change,UP,0.58,1515,0.59,0.6
2026-01-15 10:05:47,553,"Bitcoin Up or Down - January 14, 9:00PM-9:15PM ET",price_change,DOWN,0.39,2170.92,0.4,0.41
2026-01-15 10:05:48,552,"Bitcoin Up or Down - January 14, 9:00PM-9:15PM ET",price_change,DOWN,0.4,94.48,0.4,0.41
2026-01-15 10:05:48,552,"Bitcoin Up or Down - January 14, 9:00PM-9:15PM ET",price_change,UP,0.56,1397,0.59,0.6
2026-01-15 10:05:49,551,"Bitcoin Up or Down - January 14, 9:00PM-9:15PM ET",price_change,UP,0.53,1609.72,0.59,0.6
2026-01-15 10:05:49,551,"Bitcoin Up or Down - January 14, 9:00PM-9:15PM ET",price_change,DOWN,0.39,1174.92,0.4,0.41
2026-01-15 10:05:50,550,"Bitcoin Up or Down - January 14, 9:00PM-9:15PM ET",price_change,DOWN,0.39,1190.42,0.4,0.41
2026-01-15 10:05:50,550,"Bitcoin Up or Down - January 14, 9:00PM-9:15PM ET",price_change,UP,0.56,1402,0.59,0.6
2026-01-15 10:05:51,549,"Bitcoin Up or Down - January 14, 9:00PM-9:15PM ET",price_change,DOWN,0.39,1190.42,0.4,0.41
2026-01-15 10:05:51,549,"Bitcoin Up or Down - January 14, 9:00PM-9:15PM ET",price_change,UP,0.53,1603.72,0.59,0.6
2026-01-15 10:05:52,548,"Bitcoin Up or Down - January 14, 9:00PM-9:15PM ET",price_change,DOWN,0.39,1243.92,0.4,0.41
2026-01-15 10:05:52,548,"Bitcoin Up or Down - January 14, 9:00PM-9:15PM ET",price_change,UP,0.58,1548.5,0.59,0.6
2026-01-15 10:05:53,547,"Bitcoin Up or Down - January 14, 9:00PM-9:15PM ET",price_change,DOWN,0.39,1254.92,0.4,0.41
2026-01-15 10:05:53,547,"Bitcoin Up or Down - January 14, 9:00PM-9:15PM ET",price_change,UP,0.45,1693.3,0.59,0.6
2026-01-15 10:05:54,546,"Bitcoin Up or Down - January 14, 9:00PM-9:15PM ET",price_change,DOWN,0.39,529.58,0.4,0.41
2026-01-15 10:05:54,546,"Bitcoin Up or Down - January 14, 9:00PM-9:15PM ET",price_change,UP,0.59,2265.54,0.59,0.6
2026-01-15 10:05:55,545,"Bitcoin Up or Down - January 14, 9:00PM-9:15PM ET",price_change,UP,0.59,2046.43,0.59,0.6
2026-01-15 10:05:55,545,"Bitcoin Up or Down - January 14, 9:00PM-9:15PM ET",price_change,DOWN,0.39,1255.58,0.4,0.41
2026-01-15 10:05:56,544,"Bitcoin Up or Down - January 14, 9:00PM-9:15PM ET",price_change,DOWN,0.39,1238.11,0.4,0.41
2026-01-15 10:05:56,544,"Bitcoin Up or Down - January 14, 9:00PM-9:15PM ET",price_change,UP,0.53,1603.72,0.59,0.6
2026-01-15 10:05:57,543,"Bitcoin Up or Down - January 14, 9:00PM-9:15PM ET",price_change,DOWN,0.38,1079,0.4,0.41
2026-01-15 10:05:57,543,"Bitcoin Up or Down - January 14, 9:00PM-9:15PM ET",price_change,UP,0.57,2097.92,0.59,0.6
2026-01-15 10:05:58,542,"Bitcoin Up or Down - January 14, 9:00PM-9:15PM ET",price_change,DOWN,0.4,50.86,0.4,0.41
2026-01-15 10:05:58,542,"Bitcoin Up or Down - January 14, 9:00PM-9:15PM ET",price_change,UP,0.45,1703.3,0.59,0.6
2026-01-15 10:05:59,541,"Bitcoin Up or Down - January 14, 9:00PM-9:15PM ET",price_change,DOWN,0.38,1089,0.4,0.41
2026-01-15 10:05:59,541,"Bitcoin Up or Down - January 14, 9:00PM-9:15PM ET",price_change,UP,0.59,2350.78,0.59,0.6
2026-01-15 10:06:00,540,"Bitcoin Up or Down - January 14, 9:00PM-9:15PM ET",price_change,DOWN,0.38,1079,0.4,0.41
2026-01-15 10:06:00,540,"Bitcoin Up or Down - January 14, 9:00PM-9:15PM ET",price_change,UP,0.01,14390.36,0.59,0.6
2026-01-15 10:06:01,539,"Bitcoin Up or Down - January 14, 9:00PM-9:15PM ET",price_change,DOWN,0.38,1074,0.4,0.41
2026-01-15 10:06:01,539,"Bitcoin Up or Down - January 14, 9:00PM-9:15PM ET",price_change,UP,0.57,2403.92,0.59,0.6
2026-01-15 10:06:02,538,"Bitcoin Up or Down - January 14, 9:00PM-9:15PM ET",price_change,UP,0.55,1729.14,0.63,0.64
2026-01-15 10:06:02,538,"Bitcoin Up or Down - January 14, 9:00PM-9:15PM ET",price_change,DOWN,0.31,1495.02,0.36,0.37
2026-01-15 10:06:03,537,"Bitcoin Up or Down - January 14, 9:00PM-9:15PM ET",price_change,UP,0.05,5402.8,0.65,0.66
2026-01-15 10:06:03,537,"Bitcoin Up or Down - January 14, 9:00PM-9:15PM ET",price_change,DOWN,0.05,5402.8,0.34,0.35
2026-01-15 10:06:04,536,"Bitcoin Up or Down - January 14, 9:00PM-9:15PM ET",price_change,DOWN,0.03,152020.94,0.33,0.34
2026-01-15 10:06:04,536,"Bitcoin Up or Down - January 14, 9:00PM-9:15PM ET",price_change,UP,0.64,520.92,0.66,0.67
2026-01-15 10:06:05,535,"Bitcoin Up or Down - January 14, 9:00PM-9:15PM ET",price_change,DOWN,0.04,5487.4,0.33,0.34
2026-01-15 10:06:05,535,"Bitcoin Up or Down - January 14, 9:00PM-9:15PM ET",price_change,UP,0.06,5307.67,0.66,0.67
2026-01-15 10:06:06,534,"Bitcoin Up or Down - January 14, 9:00PM-9:15PM ET",price_change,DOWN,0.3,1423.44,0.33,0.34
2026-01-15 10:06:06,534,"Bitcoin Up or Down - January 14, 9:00PM-9:15PM ET",price_change,UP,0.66,1204.49,0.66,0.67
2026-01-15 10:06:07,533,"Bitcoin Up or Down - January 14, 9:00PM-9:15PM ET",price_change,DOWN,0.02,9267.58,0.33,0.34
2026-01-15 10:06:07,533,"Bitcoin Up or Down - January 14, 9:00PM-9:15PM ET",price_change,UP,0.61,1518.42,0.66,0.67
2026-01-15 10:06:08,532,"Bitcoin Up or Down - January 14, 9:00PM-9:15PM ET",price_change,DOWN,0.3,672.44,0.33,0.34
2026-01-15 10:06:08,532,"Bitcoin Up or Down - January 14, 9:00PM-9:15PM ET",price_change,UP,0.66,2436.53,0.66,0.67
2026-01-15 10:06:08,531,"Bitcoin Up or Down - January 14, 9:00PM-9:15PM ET",price_change,DOWN,0.28,7640.83,0.28,0.31
2026-01-15 10:06:08,531,"Bitcoin Up or Down - January 14, 9:00PM-9:15PM ET",price_change,UP,0.67,266.85,0.69,0.72
2026-01-15 10:06:08,531,"Bitcoin Up or Down - January 14, 9:00PM-9:15PM ET",price_change,UP,0.7,120,0.7,0.72
2026-01-15 10:06:08,531,"Bitcoin Up or Down - January 14, 9:00PM-9:15PM ET",price_change,DOWN,0.28,7490.83,0.28,0.29
2026-01-15 10:06:08,531,"Bitcoin Up or Down - January 14, 9:00PM-9:15PM ET",price_change,DOWN,0.28,7379.63,0.28,0.29
2026-01-15 10:06:08,531,"Bitcoin Up or Down - January 14, 9:00PM-9:15PM ET",price_change,UP,0.56,1368.83,0.71,0.72
2026-01-15 10:06:09,531,"Bitcoin Up or Down - January 14, 9:00PM-9:15PM ET",price_change,DOWN,0.28,7368.43,0.28,0.29
2026-01-15 10:06:09,531,"Bitcoin Up or Down - January 14, 9:00PM-9:15PM ET",price_change,UP,0.63,1192.52,0.71,0.72
2026-01-15 10:06:10,530,"Bitcoin Up or Down - January 14, 9:00PM-9:15PM ET",price_change,DOWN,0.28,6134.36,0.28,0.29
2026-01-15 10:06:10,530,"Bitcoin Up or Down - January 14, 9:00PM-9:15PM ET",price_change,UP,0.7,411.2,0.71,0.72
2026-01-15 10:06:11,529,"Bitcoin Up or Down - January 14, 9:00PM-9:15PM ET",price_change,UP,0.63,1090.6,0.71,0.72
2026-01-15 10:06:11,529,"Bitcoin Up or Down - January 14, 9:00PM-9:15PM ET",price_change,DOWN,0.28,5245.62,0.28,0.29
2026-01-15 10:06:12,528,"Bitcoin Up or Down - January 14, 9:00PM-9:15PM ET",price_change,UP,0.68,487.92,0.71,0.72
2026-01-15 10:06:12,528,"Bitcoin Up or Down - January 14, 9:00PM-9:15PM ET",price_change,DOWN,0.23,316.8,0.28,0.29
2026-01-15 10:06:13,527,"Bitcoin Up or Down - January 14, 9:00PM-9:15PM ET",price_change,DOWN,0.26,165,0.28,0.29
2026-01-15 10:06:13,527,"Bitcoin Up or Down - January 14, 9:00PM-9:15PM ET",price_change,UP,0.71,1295.03,0.71,0.72
2026-01-15 10:06:14,526,"Bitcoin Up or Down - January 14, 9:00PM-9:15PM ET",price_change,UP,0.7,1265.97,0.71,0.72
2026-01-15 10:06:14,526,"Bitcoin Up or Down - January 14, 9:00PM-9:15PM ET",price_change,DOWN,0.28,3400.85,0.28,0.29
2026-01-15 10:06:15,525,"Bitcoin Up or Down - January 14, 9:00PM-9:15PM ET",price_change,UP,0.7,1250.97,0.71,0.72
2026-01-15 10:06:15,525,"Bitcoin Up or Down - January 14, 9:00PM-9:15PM ET",price_change,DOWN,0.15,1004.43,0.28,0.29
2026-01-15 10:06:16,524,"Bitcoin Up or Down - January 14, 9:00PM-9:15PM ET",price_change,DOWN,0.28,3233.01,0.28,0.29
2026-01-15 10:06:16,524,"Bitcoin Up or Down - January 14, 9:00PM-9:15PM ET",price_change,UP,0.71,1812.14,0.71,0.72
2026-01-15 10:06:17,523,"Bitcoin Up or Down - January 14, 9:00PM-9:15PM ET",price_change,DOWN,0.25,357.91,0.28,0.29
2026-01-15 10:06:17,523,"Bitcoin Up or Down - January 14, 9:00PM-9:15PM ET",price_change,UP,0.71,946.69,0.71,0.72
2026-01-15 10:06:18,522,"Bitcoin Up or Down - January 14, 9:00PM-9:15PM ET",price_change,UP,0.71,1253.19,0.71,0.72
2026-01-15 10:06:18,522,"Bitcoin Up or Down - January 14, 9:00PM-9:15PM ET",price_change,DOWN,0.21,915.33,0.28,0.29
2026-01-15 10:06:19,521,"Bitcoin Up or Down - January 14, 9:00PM-9:15PM ET",price_change,DOWN,0.15,1019.43,0.26,0.27
2026-01-15 10:06:19,521,"Bitcoin Up or Down - January 14, 9:00PM-9:15PM ET",price_change,UP,0.72,2351.62,0.73,0.74
2026-01-15 10:06:20,520,"Bitcoin Up or Down - January 14, 9:00PM-9:15PM ET",price_change,DOWN,0.07,5416.95,0.25,0.26
2026-01-15 10:06:20,520,"Bitcoin Up or Down - January 14, 9:00PM-9:15PM ET",price_change,UP,0.71,1198.99,0.74,0.75
2026-01-15 10:06:21,519,"Bitcoin Up or Down - January 14, 9:00PM-9:15PM ET",price_change,UP,0.78,124.84,0.78,0.79
2026-01-15 10:06:21,519,"Bitcoin Up or Down - January 14, 9:00PM-9:15PM ET",price_change,DOWN,0.15,1718.35,0.21,0.22
2026-01-15 10:06:22,518,"Bitcoin Up or Down - January 14, 9:00PM-9:15PM ET",price_change,DOWN,0.21,977.06,0.21,0.22
2026-01-15 10:06:22,518,"Bitcoin Up or Down - January 14, 9:00PM-9:15PM ET",price_change,UP,0.66,2177,0.78,0.79
2026-01-15 10:06:23,517,"Bitcoin Up or Down - January 14, 9:00PM-9:15PM ET",price_change,UP,0.76,337.92,0.78,0.79
2026-01-15 10:06:23,517,"Bitcoin Up or Down - January 14, 9:00PM-9:15PM ET",price_change,DOWN,0.21,1248.46,0.21,0.22
2026-01-15 10:06:24,516,"Bitcoin Up or Down - January 14, 9:00PM-9:15PM ET",price_change,UP,0.78,35.33,0.78,0.79
2026-01-15 10:06:24,516,"Bitcoin Up or Down - January 14, 9:00PM-9:15PM ET",price_change,DOWN,0.19,1544.42,0.21,0.22
2026-01-15 10:06:25,515,"Bitcoin Up or Down - January 14, 9:00PM-9:15PM ET",price_change,UP,0.77,1101.48,0.78,0.79
2026-01-15 10:06:25,515,"Bitcoin Up or Down - January 14, 9:00PM-9:15PM ET",price_change,DOWN,0.18,6297.62,0.21,0.22
2026-01-15 10:06:26,514,"Bitcoin Up or Down - January 14, 9:00PM-9:15PM ET",price_change,UP,0.75,1720.48,0.78,0.79
2026-01-15 10:06:26,514,"Bitcoin Up or Down - January 14, 9:00PM-9:15PM ET",price_change,DOWN,0.21,1830.3,0.21,0.22
2026-01-15 10:06:27,513,"Bitcoin Up or Down - January 14, 9:00PM-9:15PM ET",price_change,DOWN,0.21,1635.34,0.21,0.22
2026-01-15 10:06:27,513,"Bitcoin Up or Down - January 14, 9:00PM-9:15PM ET",price_change,UP,0.73,3034.52,0.78,0.79
2026-01-15 10:06:28,512,"Bitcoin Up or Down - January 14, 9:00PM-9:15PM ET",price_change,UP,0.78,1301.47,0.78,0.79
2026-01-15 10:06:28,512,"Bitcoin Up or Down - January 14, 9:00PM-9:15PM ET",price_change,DOWN,0.14,1398.8,0.21,0.22
2026-01-15 10:06:29,511,"Bitcoin Up or Down - January 14, 9:00PM-9:15PM ET",price_change,DOWN,0.19,1160.81,0.21,0.22
2026-01-15 10:06:29,511,"Bitcoin Up or Down - January 14, 9:00PM-9:15PM ET",price_change,UP,0.56,1482.3,0.78,0.79
2026-01-15 10:06:30,510,"Bitcoin Up or Down - January 14, 9:00PM-9:15PM ET",price_change,UP,0.77,2186.48,0.78,0.79
2026-01-15 10:06:30,510,"Bitcoin Up or Down - January 14, 9:00PM-9:15PM ET",price_change,DOWN,0.13,8293.5,0.21,0.22
2026-01-15 10:06:31,509,"Bitcoin Up or Down - January 14, 9:00PM-9:15PM ET",price_change,UP,0.79,1026.98,0.79,0.8
2026-01-15 10:06:31,509,"Bitcoin Up or Down - January 14, 9:00PM-9:15PM ET",price_change,DOWN,0.17,1550.9,0.2,0.21
2026-01-15 10:06:32,508,"Bitcoin Up or Down - January 14, 9:00PM-9:15PM ET",price_change,DOWN,0.13,8372.42,0.2,0.21
2026-01-15 10:06:32,508,"Bitcoin Up or Down - January 14, 9:00PM-9:15PM ET",price_change,UP,0.76,2353.97,0.79,0.8
2026-01-15 10:06:33,507,"Bitcoin Up or Down - January 14, 9:00PM-9:15PM ET",price_change,UP,0.76,1232.97,0.79,0.8
2026-01-15 10:06:33,507,"Bitcoin Up or Down - January 14, 9:00PM-9:15PM ET",price_change,DOWN,0.2,1903,0.2,0.21
2026-01-15 10:06:34,506,"Bitcoin Up or Down - January 14, 9:00PM-9:15PM ET",price_change,DOWN,0.19,1273,0.2,0.21
2026-01-15 10:06:34,506,"Bitcoin Up or Down - January 14, 9:00PM-9:15PM ET",price_change,UP,0.66,1166.8,0.79,0.8
2026-01-15 10:06:35,505,"Bitcoin Up or Down - January 14, 9:00PM-9:15PM ET",price_change,DOWN,0.2,1151.21,0.2,0.21
2026-01-15 10:06:35,505,"Bitcoin Up or Down - January 14, 9:00PM-9:15PM ET",price_change,UP,0.76,1215.97,0.79,0.8
2026-01-15 10:06:36,504,"Bitcoin Up or Down - January 14, 9:00PM-9:15PM ET",price_change,DOWN,0.17,1770.9,0.2,0.21
2026-01-15 10:06:36,504,"Bitcoin Up or Down - January 14, 9:00PM-9:15PM ET",price_change,UP,0.79,1401.75,0.79,0.8
2026-01-15 10:06:37,503,"Bitcoin Up or Down - January 14, 9:00PM-9:15PM ET",price_change,UP,0.79,406.7,0.79,0.8
2026-01-15 10:06:37,503,"Bitcoin Up or Down - January 14, 9:00PM-9:15PM ET",price_change,DOWN,0.2,2269.31,0.2,0.21
2026-01-15 10:06:38,502,"Bitcoin Up or Down - January 14, 9:00PM-9:15PM ET",price_change,UP,0.74,2217.92,0.79,0.8
2026-01-15 10:06:38,502,"Bitcoin Up or Down - January 14, 9:00PM-9:15PM ET",price_change,DOWN,0.12,1093.3,0.2,0.21
2026-01-15 10:06:39,501,"Bitcoin Up or Down - January 14, 9:00PM-9:15PM ET",price_change,DOWN,0.16,1415.69,0.23,0.24
2026-01-15 10:06:39,501,"Bitcoin Up or Down - January 14, 9:00PM-9:15PM ET",price_change,UP,0.76,782,0.76,0.77
2026-01-15 10:06:39,500,"Bitcoin Up or Down - January 14, 9:00PM-9:15PM ET",price_change,DOWN,0.23,851.84,0.23,0.24
2026-01-15 10:06:39,500,"Bitcoin Up or Down - January 14, 9:00PM-9:15PM ET",price_change,UP,0.74,1745.92,0.76,0.77
2026-01-15 10:06:40,500,"Bitcoin Up or Down - January 14, 9:00PM-9:15PM ET",price_change,DOWN,0.22,837,0.23,0.24
2026-01-15 10:06:40,500,"Bitcoin Up or Down - January 14, 9:00PM-9:15PM ET",price_change,UP,0.76,844.07,0.76,0.77
2026-01-15 10:06:41,499,"Bitcoin Up or Down - January 14, 9:00PM-9:15PM ET",price_change,UP,0.76,980.5,0.76,0.77
2026-01-15 10:06:41,499,"Bitcoin Up or Down - January 14, 9:00PM-9:15PM ET",price_change,DOWN,0.16,1415.69,0.23,0.24
2026-01-15 10:06:42,498,"Bitcoin Up or Down - January 14, 9:00PM-9:15PM ET",price_change,DOWN,0.23,783.09,0.23,0.24
2026-01-15 10:06:42,498,"Bitcoin Up or Down - January 14, 9:00PM-9:15PM ET",price_change,UP,0.74,1734.92,0.76,0.77
2026-01-15 10:06:43,497,"Bitcoin Up or Down - January 14, 9:00PM-9:15PM ET",price_change,UP,0.76,954.5,0.76,0.77
2026-01-15 10:06:43,497,"Bitcoin Up or Down - January 14, 9:00PM-9:15PM ET",price_change,DOWN,0.15,1965.43,0.23,0.24
2026-01-15 10:06:44,496,"Bitcoin Up or Down - January 14, 9:00PM-9:15PM ET",price_change,DOWN,0.23,1162.56,0.23,0.24
2026-01-15 10:06:44,496,"Bitcoin Up or Down - January 14, 9:00PM-9:15PM ET",price_change,UP,0.66,1166.8,0.76,0.77
2026-01-15 10:06:45,495,"Bitcoin Up or Down - January 14, 9:00PM-9:15PM ET",price_change,UP,0.76,1977.12,0.76,0.77
2026-01-15 10:06:45,495,"Bitcoin Up or Down - January 14, 9:00PM-9:15PM ET",price_change,DOWN,0.21,1208.5,0.23,0.24
2026-01-15 10:06:46,494,"Bitcoin Up or Down - January 14, 9:00PM-9:15PM ET",price_change,UP,0.64,1166.6,0.76,0.77
2026-01-15 10:06:46,494,"Bitcoin Up or Down - January 14, 9:00PM-9:15PM ET",price_change,DOWN,0.19,1248,0.23,0.24
2026-01-15 10:06:47,493,"Bitcoin Up or Down - January 14, 9:00PM-9:15PM ET",price_change,DOWN,0.13,8249.5,0.2,0.21
2026-01-15 10:06:47,493,"Bitcoin Up or Down - January 14, 9:00PM-9:15PM ET",price_change,UP,0.78,261.42,0.79,0.8
2026-01-15 10:06:48,492,"Bitcoin Up or Down - January 14, 9:00PM-9:15PM ET",price_change,UP,0.79,1194.32,0.79,0.8
2026-01-15 10:06:48,492,"Bitcoin Up or Down - January 14, 9:00PM-9:15PM ET",price_change,DOWN,0.14,1752.5,0.2,0.21
2026-01-15 10:06:49,491,"Bitcoin Up or Down - January 14, 9:00PM-9:15PM ET",price_change,DOWN,0.17,1963,0.2,0.21
2026-01-15 10:06:49,491,"Bitcoin Up or Down - January 14, 9:00PM-9:15PM ET",price_change,UP,0.74,2326.92,0.79,0.8
2026-01-15 10:06:50,490,"Bitcoin Up or Down - January 14, 9:00PM-9:15PM ET",price_change,DOWN,0.2,890.11,0.2,0.21
2026-01-15 10:06:50,490,"Bitcoin Up or Down - January 14, 9:00PM-9:15PM ET",price_change,UP,0.76,2279.02,0.79,0.8
2026-01-15 10:06:51,489,"Bitcoin Up or Down - January 14, 9:00PM-9:15PM ET",price_change,DOWN,0.2,1700.33,0.2,0.21
2026-01-15 10:06:51,489,"Bitcoin Up or Down - January 14, 9:00PM-9:15PM ET",price_change,UP,0.77,1584.5,0.79,0.8
2026-01-15 10:06:52,488,"Bitcoin Up or Down - January 14, 9:00PM-9:15PM ET",price_change,DOWN,0.17,1861,0.2,0.21
2026-01-15 10:06:52,488,"Bitcoin Up or Down - January 14, 9:00PM-9:15PM ET",price_change,UP,0.77,2329,0.79,0.8
2026-01-15 10:06:53,487,"Bitcoin Up or Down - January 14, 9:00PM-9:15PM ET",price_change,UP,0.57,1482.3,0.79,0.8
2026-01-15 10:06:53,487,"Bitcoin Up or Down - January 14, 9:00PM-9:15PM ET",price_change,DOWN,0.17,1548,0.2,0.21
2026-01-15 10:06:54,486,"Bitcoin Up or Down - January 14, 9:00PM-9:15PM ET",price_change,UP,0.72,1783.4,0.79,0.8
2026-01-15 10:06:54,486,"Bitcoin Up or Down - January 14, 9:00PM-9:15PM ET",price_change,DOWN,0.17,1436,0.2,0.21
2026-01-15 10:06:55,485,"Bitcoin Up or Down - January 14, 9:00PM-9:15PM ET",price_change,UP,0.79,2480.52,0.79,0.8
2026-01-15 10:06:55,485,"Bitcoin Up or Down - January 14, 9:00PM-9:15PM ET",price_change,DOWN,0.14,1718.5,0.2,0.21
2026-01-15 10:06:56,484,"Bitcoin Up or Down - January 14, 9:00PM-9:15PM ET",price_change,UP,0.78,1234.92,0.79,0.8
2026-01-15 10:06:56,484,"Bitcoin Up or Down - January 14, 9:00PM-9:15PM ET",price_change,DOWN,0.2,756.93,0.2,0.21
2026-01-15 10:06:57,483,"Bitcoin Up or Down - January 14, 9:00PM-9:15PM ET",price_change,DOWN,0.2,629.13,0.2,0.21
2026-01-15 10:06:57,483,"Bitcoin Up or Down - January 14, 9:00PM-9:15PM ET",price_change,UP,0.64,1171.6,0.79,0.8
2026-01-15 10:06:58,482,"Bitcoin Up or Down - January 14, 9:00PM-9:15PM ET",price_change,DOWN,0.16,1242,0.2,0.21
2026-01-15 10:06:58,482,"Bitcoin Up or Down - January 14, 9:00PM-9:15PM ET",price_change,UP,0.74,2220,0.79,0.8
2026-01-15 10:06:59,481,"Bitcoin Up or Down - January 14, 9:00PM-9:15PM ET",price_change,DOWN,0.13,8188,0.18,0.19
2026-01-15 10:06:59,481,"Bitcoin Up or Down - January 14, 9:00PM-9:15PM ET",price_change,UP,0.81,2390.22,0.81,0.82
2026-01-15 10:07:00,480,"Bitcoin Up or Down - January 14, 9:00PM-9:15PM ET",price_change,UP,0.82,1043.54,0.82,0.83
2026-01-15 10:07:00,480,"Bitcoin Up or Down - January 14, 9:00PM-9:15PM ET",price_change,DOWN,0.16,62.5,0.17,0.18
2026-01-15 10:07:01,479,"Bitcoin Up or Down - January 14, 9:00PM-9:15PM ET",price_change,UP,0.83,162.99,0.84,0.85
2026-01-15 10:07:01,479,"Bitcoin Up or Down - January 14, 9:00PM-9:15PM ET",price_change,DOWN,0.12,1300,0.15,0.16
2026-01-15 10:07:02,478,"Bitcoin Up or Down - January 14, 9:00PM-9:15PM ET",price_change,DOWN,0.14,440.1,0.14,0.15
2026-01-15 10:07:02,478,"Bitcoin Up or Down - January 14, 9:00PM-9:15PM ET",price_change,UP,0.84,122,0.85,0.86
2026-01-15 10:07:03,477,"Bitcoin Up or Down - January 14, 9:00PM-9:15PM ET",price_change,DOWN,0.12,1256,0.14,0.15
2026-01-15 10:07:03,477,"Bitcoin Up or Down - January 14, 9:00PM-9:15PM ET",price_change,UP,0.86,604.45,0.86,0.87
2026-01-15 10:07:04,476,"Bitcoin Up or Down - January 14, 9:00PM-9:15PM ET",price_change,DOWN,0.12,984,0.13,0.14
2026-01-15 10:07:04,476,"Bitcoin Up or Down - January 14, 9:00PM-9:15PM ET",price_change,UP,0.74,1393.3,0.86,0.87
2026-01-15 10:07:05,475,"Bitcoin Up or Down - January 14, 9:00PM-9:15PM ET",price_change,DOWN,0.13,7886.21,0.13,0.14
2026-01-15 10:07:05,475,"Bitcoin Up or Down - January 14, 9:00PM-9:15PM ET",price_change,UP,0.77,1364.3,0.86,0.87
2026-01-15 10:07:06,474,"Bitcoin Up or Down - January 14, 9:00PM-9:15PM ET",price_change,UP,0.84,891,0.86,0.87
2026-01-15 10:07:06,474,"Bitcoin Up or Down - January 14, 9:00PM-9:15PM ET",price_change,DOWN,0.07,4728.61,0.13,0.14
2026-01-15 10:07:07,473,"Bitcoin Up or Down - January 14, 9:00PM-9:15PM ET",price_change,UP,0.86,1354.07,0.86,0.87
2026-01-15 10:07:07,473,"Bitcoin Up or Down - January 14, 9:00PM-9:15PM ET",price_change,DOWN,0.13,7021.78,0.13,0.14
2026-01-15 10:07:08,472,"Bitcoin Up or Down - January 14, 9:00PM-9:15PM ET",price_change,DOWN,0.11,1484.92,0.13,0.14
2026-01-15 10:07:08,472,"Bitcoin Up or Down - January 14, 9:00PM-9:15PM ET",price_change,UP,0.86,1294.72,0.86,0.87
2026-01-15 10:07:09,471,"Bitcoin Up or Down - January 14, 9:00PM-9:15PM ET",price_change,DOWN,0.11,1470.92,0.13,0.14
2026-01-15 10:07:09,471,"Bitcoin Up or Down - January 14, 9:00PM-9:15PM ET",price_change,UP,0.85,1742.19,0.86,0.87
2026-01-15 10:07:10,470,"Bitcoin Up or Down - January 14, 9:00PM-9:15PM ET",price_change,DOWN,0.12,1921,0.13,0.14
2026-01-15 10:07:10,470,"Bitcoin Up or Down - January 14, 9:00PM-9:15PM ET",price_change,UP,0.85,1709.69,0.86,0.87
2026-01-15 10:07:11,469,"Bitcoin Up or Down - January 14, 9:00PM-9:15PM ET",price_change,DOWN,0.13,8875.37,0.13,0.14
2026-01-15 10:07:11,469,"Bitcoin Up or Down - January 14, 9:00PM-9:15PM ET",price_change,UP,0.83,1237.49,0.86,0.87
2026-01-15 10:07:12,468,"Bitcoin Up or Down - January 14, 9:00PM-9:15PM ET",price_change,UP,0.84,24,0.86,0.87
2026-01-15 10:07:12,468,"Bitcoin Up or Down - January 14, 9:00PM-9:15PM ET",price_change,DOWN,0.05,5422.8,0.13,0.14
2026-01-15 10:07:12,467,"Bitcoin Up or Down - January 14, 9:00PM-9:15PM ET",price_change,DOWN,0.17,721.19,0.17,0.18
2026-01-15 10:07:13,467,"Bitcoin Up or Down - January 14, 9:00PM-9:15PM ET",price_change,DOWN,0.16,1116.82,0.17,0.18
2026-01-15 10:07:13,467,"Bitcoin Up or Down - January 14, 9:00PM-9:15PM ET",price_change,UP,0.8,1203.1,0.82,0.83
2026-01-15 10:07:14,466,"Bitcoin Up or Down - January 14, 9:00PM-9:15PM ET",price_change,UP,0.84,99.8,0.84,0.85
2026-01-15 10:07:14,466,"Bitcoin Up or Down - January 14, 9:00PM-9:15PM ET",price_change,DOWN,0.15,28.8,0.15,0.16
2026-01-15 10:07:15,465,"Bitcoin Up or Down - January 14, 9:00PM-9:15PM ET",price_change,DOWN,0.07,4856.2,0.13,0.14
2026-01-15 10:07:15,465,"Bitcoin Up or Down - January 14, 9:00PM-9:15PM ET",price_change,UP,0.83,571.31,0.86,0.87
2026-01-15 10:07:16,464,"Bitcoin Up or Down - January 14, 9:00PM-9:15PM ET",price_change,UP,0.85,449.39,0.86,0.87
2026-01-15 10:07:16,464,"Bitcoin Up or Down - January 14, 9:00PM-9:15PM ET",price_change,DOWN,0.13,6145.59,0.13,0.14
2026-01-15 10:07:17,463,"Bitcoin Up or Down - January 14, 9:00PM-9:15PM ET",price_change,DOWN,0.11,941.92,0.13,0.14
2026-01-15 10:07:17,463,"Bitcoin Up or Down - January 14, 9:00PM-9:15PM ET",price_change,UP,0.86,1231.38,0.86,0.87
2026-01-15 10:07:18,462,"Bitcoin Up or Down - January 14, 9:00PM-9:15PM ET",price_change,DOWN,0.11,191.92,0.13,0.14
2026-01-15 10:07:18,462,"Bitcoin Up or Down - January 14, 9:00PM-9:15PM ET",price_change,UP,0.81,2119.94,0.86,0.87
2026-01-15 10:07:19,461,"Bitcoin Up or Down - January 14, 9:00PM-9:15PM ET",price_change,UP,0.75,1992.58,0.86,0.87
2026-01-15 10:07:19,461,"Bitcoin Up or Down - January 14, 9:00PM-9:15PM ET",price_change,DOWN,0.05,5725.8,0.13,0.14
2026-01-15 10:07:20,460,"Bitcoin Up or Down - January 14, 9:00PM-9:15PM ET",price_change,DOWN,0.1,495.72,0.13,0.14
2026-01-15 10:07:20,460,"Bitcoin Up or Down - January 14, 9:00PM-9:15PM ET",price_change,UP,0.85,1556.89,0.86,0.87
2026-01-15 10:07:21,459,"Bitcoin Up or Down - January 14, 9:00PM-9:15PM ET",price_change,DOWN,0.1,474.72,0.13,0.14
2026-01-15 10:07:21,459,"Bitcoin Up or Down - January 14, 9:00PM-9:15PM ET",price_change,UP,0.86,2405.69,0.86,0.87
2026-01-15 10:07:22,458,"Bitcoin Up or Down - January 14, 9:00PM-9:15PM ET",price_change,DOWN,0.1,474.72,0.13,0.14
2026-01-15 10:07:22,458,"Bitcoin Up or Down - January 14, 9:00PM-9:15PM ET",price_change,UP,0.76,1478.1,0.86,0.87
2026-01-15 10:07:23,457,"Bitcoin Up or Down - January 14, 9:00PM-9:15PM ET",price_change,DOWN,0.1,465.22,0.13,0.14
2026-01-15 10:07:23,457,"Bitcoin Up or Down - January 14, 9:00PM-9:15PM ET",price_change,UP,0.85,1566.39,0.86,0.87
2026-01-15 10:07:24,456,"Bitcoin Up or Down - January 14, 9:00PM-9:15PM ET",price_change,UP,0.86,3392.08,0.86,0.87
2026-01-15 10:07:24,456,"Bitcoin Up or Down - January 14, 9:00PM-9:15PM ET",price_change,DOWN,0.13,1308.7,0.13,0.14
2026-01-15 10:07:25,455,"Bitcoin Up or Down - January 14, 9:00PM-9:15PM ET",price_change,UP,0.86,3690.08,0.86,0.87
2026-01-15 10:07:25,455,"Bitcoin Up or Down - January 14, 9:00PM-9:15PM ET",price_change,DOWN,0.07,2167.2,0.13,0.14
2026-01-15 10:07:26,454,"Bitcoin Up or Down - January 14, 9:00PM-9:15PM ET",price_change,DOWN,0.06,13203.59,0.1,0.11
2026-01-15 10:07:26,454,"Bitcoin Up or Down - January 14, 9:00PM-9:15PM ET",price_change,UP,0.87,1480.04,0.89,0.9
2026-01-15 10:07:27,453,"Bitcoin Up or Down - January 14, 9:00PM-9:15PM ET",price_change,UP,0.89,1053.02,0.89,0.9
2026-01-15 10:07:27,453,"Bitcoin Up or Down - January 14, 9:00PM-9:15PM ET",price_change,DOWN,0.02,10132.58,0.1,0.11
2026-01-15 10:07:28,452,"Bitcoin Up or Down - January 14, 9:00PM-9:15PM ET",price_change,DOWN,0.08,2737,0.1,0.11
2026-01-15 10:07:28,452,"Bitcoin Up or Down - January 14, 9:00PM-9:15PM ET",price_change,UP,0.75,1837.88,0.89,0.9
2026-01-15 10:07:29,451,"Bitcoin Up or Down - January 14, 9:00PM-9:15PM ET",price_change,DOWN,0.08,2661,0.1,0.11
2026-01-15 10:07:29,451,"Bitcoin Up or Down - January 14, 9:00PM-9:15PM ET",price_change,UP,0.89,822.32,0.89,0.9
2026-01-15 10:07:30,450,"Bitcoin Up or Down - January 14, 9:00PM-9:15PM ET",price_change,DOWN,0.08,2413,0.1,0.11
2026-01-15 10:07:30,450,"Bitcoin Up or Down - January 14, 9:00PM-9:15PM ET",price_change,UP,0.87,1976,0.89,0.9
2026-01-15 10:07:31,449,"Bitcoin Up or Down - January 14, 9:00PM-9:15PM ET",price_change,DOWN,0.08,2413,0.1,0.11
2026-01-15 10:07:31,449,"Bitcoin Up or Down - January 14, 9:00PM-9:15PM ET",price_change,UP,0.01,14518.62,0.89,0.9
2026-01-15 10:07:32,448,"Bitcoin Up or Down - January 14, 9:00PM-9:15PM ET",price_change,DOWN,0.08,2806.92,0.1,0.11
2026-01-15 10:07:32,448,"Bitcoin Up or Down - January 14, 9:00PM-9:15PM ET",price_change,UP,0.87,3161.93,0.89,0.9
2026-01-15 10:07:33,447,"Bitcoin Up or Down - January 14, 9:00PM-9:15PM ET",price_change,DOWN,0.08,2795.92,0.1,0.11
2026-01-15 10:07:33,447,"Bitcoin Up or Down - January 14, 9:00PM-9:15PM ET",price_change,UP,0.88,1035.62,0.89,0.9
2026-01-15 10:07:34,446,"Bitcoin Up or Down - January 14, 9:00PM-9:15PM ET",price_change,DOWN,0.08,2795.92,0.1,0.11
2026-01-15 10:07:34,446,"Bitcoin Up or Down - January 14, 9:00PM-9:15PM ET",price_change,UP,0.89,603.87,0.89,0.9
2026-01-15 10:07:35,445,"Bitcoin Up or Down - January 14, 9:00PM-9:15PM ET",price_change,DOWN,0.08,2775.92,0.1,0.11
2026-01-15 10:07:35,445,"Bitcoin Up or Down - January 14, 9:00PM-9:15PM ET",price_change,UP,0.88,1051.62,0.89,0.9
2026-01-15 10:07:36,444,"Bitcoin Up or Down - January 14, 9:00PM-9:15PM ET",price_change,DOWN,0.05,4159.8,0.1,0.11
2026-01-15 10:07:36,444,"Bitcoin Up or Down - January 14, 9:00PM-9:15PM ET",price_change,UP,0.89,569.82,0.89,0.9
2026-01-15 10:07:37,443,"Bitcoin Up or Down - January 14, 9:00PM-9:15PM ET",price_change,DOWN,0.08,2459.92,0.1,0.11
2026-01-15 10:07:37,443,"Bitcoin Up or Down - January 14, 9:00PM-9:15PM ET",price_change,UP,0.89,554.48,0.89,0.9
2026-01-15 10:07:38,442,"Bitcoin Up or Down - January 14, 9:00PM-9:15PM ET",price_change,DOWN,0.1,752.51,0.1,0.11
2026-01-15 10:07:38,442,"Bitcoin Up or Down - January 14, 9:00PM-9:15PM ET",price_change,UP,0.89,576.46,0.89,0.9
2026-01-15 10:07:39,441,"Bitcoin Up or Down - January 14, 9:00PM-9:15PM ET",price_change,DOWN,0.08,2760.92,0.1,0.11
2026-01-15 10:07:39,441,"Bitcoin Up or Down - January 14, 9:00PM-9:15PM ET",price_change,UP,0.88,1224.7,0.89,0.9
2026-01-15 10:07:40,440,"Bitcoin Up or Down - January 14, 9:00PM-9:15PM ET",price_change,DOWN,0.05,4359.8,0.1,0.11
2026-01-15 10:07:40,440,"Bitcoin Up or Down - January 14, 9:00PM-9:15PM ET",price_change,UP,0.89,450.55,0.89,0.9
2026-01-15 10:07:41,439,"Bitcoin Up or Down - January 14, 9:00PM-9:15PM ET",price_change,DOWN,0.05,4359.8,0.1,0.11
2026-01-15 10:07:41,439,"Bitcoin Up or Down - January 14, 9:00PM-9:15PM ET",price_change,UP,0.89,409.59,0.89,0.9
2026-01-15 10:07:42,438,"Bitcoin Up or Down - January 14, 9:00PM-9:15PM ET",price_change,DOWN,0.05,4359.8,0.1,0.11
2026-01-15 10:07:42,438,"Bitcoin Up or Down - January 14, 9:00PM-9:15PM ET",price_change,UP,0.89,383.49,0.89,0.9
2026-01-15 10:07:43,437,"Bitcoin Up or Down - January 14, 9:00PM-9:15PM ET",price_change,DOWN,0.05,4359.8,0.1,0.11
2026-01-15 10:07:43,437,"Bitcoin Up or Down - January 14, 9:00PM-9:15PM ET",price_change,UP,0.71,1407.93,0.89,0.9
2026-01-15 10:07:44,436,"Bitcoin Up or Down - January 14, 9:00PM-9:15PM ET",price_change,DOWN,0.05,4199.4,0.1,0.11
2026-01-15 10:07:44,436,"Bitcoin Up or Down - January 14, 9:00PM-9:15PM ET",price_change,UP,0.89,374.39,0.89,0.9
2026-01-15 10:07:45,435,"Bitcoin Up or Down - January 14, 9:00PM-9:15PM ET",price_change,UP,0.87,3105.85,0.89,0.9
2026-01-15 10:07:45,435,"Bitcoin Up or Down - January 14, 9:00PM-9:15PM ET",price_change,DOWN,0.05,4199.4,0.1,0.11
2026-01-15 10:07:46,434,"Bitcoin Up or Down - January 14, 9:00PM-9:15PM ET",price_change,DOWN,0.05,4199.4,0.1,0.11
2026-01-15 10:07:46,434,"Bitcoin Up or Down - January 14, 9:00PM-9:15PM ET",price_change,UP,0.89,364.39,0.89,0.9
2026-01-15 10:07:47,433,"Bitcoin Up or Down - January 14, 9:00PM-9:15PM ET",price_change,DOWN,0.05,4199.4,0.1,0.11
2026-01-15 10:07:47,433,"Bitcoin Up or Down - January 14, 9:00PM-9:15PM ET",price_change,UP,0.89,337.01,0.89,0.9
2026-01-15 10:07:48,432,"Bitcoin Up or Down - January 14, 9:00PM-9:15PM ET",price_change,DOWN,0.03,152385.94,0.1,0.11
2026-01-15 10:07:48,432,"Bitcoin Up or Down - January 14, 9:00PM-9:15PM ET",price_change,UP,0.81,2114.94,0.89,0.9
2026-01-15 10:07:49,431,"Bitcoin Up or Down - January 14, 9:00PM-9:15PM ET",price_change,DOWN,0.05,4199.4,0.1,0.11
2026-01-15 10:07:49,431,"Bitcoin Up or Down - January 14, 9:00PM-9:15PM ET",price_change,UP,0.62,1382.5,0.89,0.9
2026-01-15 10:07:50,430,"Bitcoin Up or Down - January 14, 9:00PM-9:15PM ET",price_change,DOWN,0.05,4199.4,0.1,0.11
2026-01-15 10:07:50,430,"Bitcoin Up or Down - January 14, 9:00PM-9:15PM ET",price_change,UP,0.78,1492.09,0.89,0.9
2026-01-15 10:07:51,429,"Bitcoin Up or Down - January 14, 9:00PM-9:15PM ET",price_change,DOWN,0.07,2049.12,0.1,0.11
2026-01-15 10:07:51,429,"Bitcoin Up or Down - January 14, 9:00PM-9:15PM ET",price_change,UP,0.89,310.91,0.89,0.9
2026-01-15 10:07:52,428,"Bitcoin Up or Down - January 14, 9:00PM-9:15PM ET",price_change,UP,0.89,324.91,0.89,0.9
2026-01-15 10:07:52,428,"Bitcoin Up or Down - January 14, 9:00PM-9:15PM ET",price_change,DOWN,0.07,2049.12,0.1,0.11
2026-01-15 10:07:53,427,"Bitcoin Up or Down - January 14, 9:00PM-9:15PM ET",price_change,DOWN,0.04,6296.17,0.1,0.11
2026-01-15 10:07:53,427,"Bitcoin Up or Down - January 14, 9:00PM-9:15PM ET",price_change,UP,0.89,620.91,0.89,0.9
2026-01-15 10:07:54,426,"Bitcoin Up or Down - January 14, 9:00PM-9:15PM ET",price_change,DOWN,0.04,6262.27,0.1,0.11
2026-01-15 10:07:54,426,"Bitcoin Up or Down - January 14, 9:00PM-9:15PM ET",price_change,UP,0.89,334.91,0.89,0.9
2026-01-15 10:07:55,425,"Bitcoin Up or Down - January 14, 9:00PM-9:15PM ET",price_change,DOWN,0.04,6262.27,0.1,0.11
2026-01-15 10:07:55,425,"Bitcoin Up or Down - January 14, 9:00PM-9:15PM ET",price_change,UP,0.89,329.91,0.89,0.9
2026-01-15 10:07:56,424,"Bitcoin Up or Down - January 14, 9:00PM-9:15PM ET",price_change,DOWN,0.04,6262.27,0.1,0.11
2026-01-15 10:07:56,424,"Bitcoin Up or Down - January 14, 9:00PM-9:15PM ET",price_change,UP,0.87,3205.92,0.89,0.9
2026-01-15 10:07:57,423,"Bitcoin Up or Down - January 14, 9:00PM-9:15PM ET",price_change,DOWN,0.04,6262.27,0.1,0.11
2026-01-15 10:07:57,423,"Bitcoin Up or Down - January 14, 9:00PM-9:15PM ET",price_change,UP,0.84,1658.31,0.89,0.9
2026-01-15 10:07:58,422,"Bitcoin Up or Down - January 14, 9:00PM-9:15PM ET",price_change,DOWN,0.04,6262.27,0.1,0.11
2026-01-15 10:07:58,422,"Bitcoin Up or Down - January 14, 9:00PM-9:15PM ET",price_change,UP,0.88,1293.2,0.89,0.9
2026-01-15 10:07:59,421,"Bitcoin Up or Down - January 14, 9:00PM-9:15PM ET",price_change,DOWN,0.04,6262.27,0.1,0.11
2026-01-15 10:07:59,421,"Bitcoin Up or Down - January 14, 9:00PM-9:15PM ET",price_change,UP,0.87,3033.44,0.89,0.9
2026-01-15 10:08:00,420,"Bitcoin Up or Down - January 14, 9:00PM-9:15PM ET",price_change,DOWN,0.04,6262.27,0.1,0.11
2026-01-15 10:08:00,420,"Bitcoin Up or Down - January 14, 9:00PM-9:15PM ET",price_change,UP,0.71,1402.93,0.89,0.9
2026-01-15 10:08:01,419,"Bitcoin Up or Down - January 14, 9:00PM-9:15PM ET",price_change,DOWN,0.04,6262.27,0.09,0.1
2026-01-15 10:08:01,419,"Bitcoin Up or Down - January 14, 9:00PM-9:15PM ET",price_change,UP,0.89,2338.87,0.9,0.91
2026-01-15 10:08:02,418,"Bitcoin Up or Down - January 14, 9:00PM-9:15PM ET",price_change,DOWN,0.08,970.84,0.08,0.1
2026-01-15 10:08:02,418,"Bitcoin Up or Down - January 14, 9:00PM-9:15PM ET",price_change,UP,0.9,203.32,0.9,0.92
2026-01-15 10:08:03,417,"Bitcoin Up or Down - January 14, 9:00PM-9:15PM ET",price_change,UP,0.9,202.79,0.9,0.92
2026-01-15 10:08:03,417,"Bitcoin Up or Down - January 14, 9:00PM-9:15PM ET",price_change,DOWN,0.06,18029.58,0.08,0.1
2026-01-15 10:08:04,416,"Bitcoin Up or Down - January 14, 9:00PM-9:15PM ET",price_change,DOWN,0.1,465.86,0.1,0.11
2026-01-15 10:08:04,416,"Bitcoin Up or Down - January 14, 9:00PM-9:15PM ET",price_change,UP,0.81,2561.43,0.89,0.9
2026-01-15 10:08:05,415,"Bitcoin Up or Down - January 14, 9:00PM-9:15PM ET",price_change,UP,0.89,123.69,0.89,0.9
2026-01-15 10:08:05,415,"Bitcoin Up or Down - January 14, 9:00PM-9:15PM ET",price_change,DOWN,0.1,1521.65,0.1,0.11
2026-01-15 10:08:06,414,"Bitcoin Up or Down - January 14, 9:00PM-9:15PM ET",price_change,UP,0.86,2792.92,0.88,0.89
2026-01-15 10:08:06,414,"Bitcoin Up or Down - January 14, 9:00PM-9:15PM ET",price_change,DOWN,0.11,218.92,0.11,0.12
2026-01-15 10:08:07,413,"Bitcoin Up or Down - January 14, 9:00PM-9:15PM ET",price_change,DOWN,0.1,2233.5,0.11,0.12
2026-01-15 10:08:07,413,"Bitcoin Up or Down - January 14, 9:00PM-9:15PM ET",price_change,UP,0.88,1855,0.88,0.89
2026-01-15 10:08:08,412,"Bitcoin Up or Down - January 14, 9:00PM-9:15PM ET",price_change,UP,0.88,1098.16,0.88,0.89
2026-01-15 10:08:08,412,"Bitcoin Up or Down - January 14, 9:00PM-9:15PM ET",price_change,DOWN,0.05,4254.4,0.11,0.12
2026-01-15 10:08:09,411,"Bitcoin Up or Down - January 14, 9:00PM-9:15PM ET",price_change,DOWN,0.06,18019.49,0.11,0.12
2026-01-15 10:08:09,411,"Bitcoin Up or Down - January 14, 9:00PM-9:15PM ET",price_change,UP,0.88,2033.66,0.88,0.89
2026-01-15 10:08:10,410,"Bitcoin Up or Down - January 14, 9:00PM-9:15PM ET",price_change,DOWN,0.1,2175.5,0.11,0.12
2026-01-15 10:08:10,410,"Bitcoin Up or Down - January 14, 9:00PM-9:15PM ET",price_change,UP,0.88,2201.09,0.88,0.89
2026-01-15 10:08:11,409,"Bitcoin Up or Down - January 14, 9:00PM-9:15PM ET",price_change,DOWN,0.05,4254.4,0.11,0.12
2026-01-15 10:08:11,409,"Bitcoin Up or Down - January 14, 9:00PM-9:15PM ET",price_change,UP,0.72,1883.4,0.88,0.89
2026-01-15 10:08:12,408,"Bitcoin Up or Down - January 14, 9:00PM-9:15PM ET",price_change,DOWN,0.1,220.35,0.1,0.11
2026-01-15 10:08:12,408,"Bitcoin Up or Down - January 14, 9:00PM-9:15PM ET",price_change,UP,0.88,2247.04,0.89,0.9
2026-01-15 10:08:13,407,"Bitcoin Up or Down - January 14, 9:00PM-9:15PM ET",price_change,DOWN,0.04,6264.49,0.09,0.1
2026-01-15 10:08:13,407,"Bitcoin Up or Down - January 14, 9:00PM-9:15PM ET",price_change,UP,0.88,1960.12,0.9,0.91
2026-01-15 10:08:14,406,"Bitcoin Up or Down - January 14, 9:00PM-9:15PM ET",price_change,DOWN,0.04,6264.49,0.09,0.1
2026-01-15 10:08:14,406,"Bitcoin Up or Down - January 14, 9:00PM-9:15PM ET",price_change,UP,0.63,1070.6,0.9,0.91
2026-01-15 10:08:15,405,"Bitcoin Up or Down - January 14, 9:00PM-9:15PM ET",price_change,DOWN,0.04,6259.49,0.09,0.1
2026-01-15 10:08:15,405,"Bitcoin Up or Down - January 14, 9:00PM-9:15PM ET",price_change,UP,0.9,130.44,0.9,0.91
2026-01-15 10:08:16,404,"Bitcoin Up or Down - January 14, 9:00PM-9:15PM ET",price_change,DOWN,0.04,6259.49,0.09,0.1
2026-01-15 10:08:16,404,"Bitcoin Up or Down - January 14, 9:00PM-9:15PM ET",price_change,UP,0.89,1294.73,0.9,0.91
2026-01-15 10:08:17,403,"Bitcoin Up or Down - January 14, 9:00PM-9:15PM ET",price_change,DOWN,0.04,6259.49,0.09,0.1
2026-01-15 10:08:17,403,"Bitcoin Up or Down - January 14, 9:00PM-9:15PM ET",price_change,UP,0.71,1407.93,0.9,0.91
2026-01-15 10:08:18,402,"Bitcoin Up or Down - January 14, 9:00PM-9:15PM ET",price_change,DOWN,0.04,6225.59,0.09,0.1
2026-01-15 10:08:18,402,"Bitcoin Up or Down - January 14, 9:00PM-9:15PM ET",price_change,UP,0.63,1060.6,0.9,0.91
2026-01-15 10:08:19,401,"Bitcoin Up or Down - January 14, 9:00PM-9:15PM ET",price_change,UP,0.05,5202.8,0.9,0.91
2026-01-15 10:08:19,401,"Bitcoin Up or Down - January 14, 9:00PM-9:15PM ET",price_change,DOWN,0.08,1226.66,0.09,0.1
2026-01-15 10:08:20,400,"Bitcoin Up or Down - January 14, 9:00PM-9:15PM ET",price_change,UP,0.91,166.15,0.91,0.92
2026-01-15 10:08:20,400,"Bitcoin Up or Down - January 14, 9:00PM-9:15PM ET",price_change,DOWN,0.04,2925.59,0.08,0.09
2026-01-15 10:08:21,399,"Bitcoin Up or Down - January 14, 9:00PM-9:15PM ET",price_change,DOWN,0.04,2919.59,0.08,0.09
2026-01-15 10:08:21,399,"Bitcoin Up or Down - January 14, 9:00PM-9:15PM ET",price_change,UP,0.89,2364.81,0.91,0.92
2026-01-15 10:08:22,398,"Bitcoin Up or Down - January 14, 9:00PM-9:15PM ET",price_change,UP,0.63,1060.6,0.91,0.92
2026-01-15 10:08:22,398,"Bitcoin Up or Down - January 14, 9:00PM-9:15PM ET",price_change,DOWN,0.06,18009.66,0.08,0.09
2026-01-15 10:08:23,397,"Bitcoin Up or Down - January 14, 9:00PM-9:15PM ET",price_change,DOWN,0.02,9198.58,0.08,0.09
2026-01-15 10:08:23,397,"Bitcoin Up or Down - January 14, 9:00PM-9:15PM ET",price_change,UP,0.89,3289.14,0.91,0.92
2026-01-15 10:08:24,396,"Bitcoin Up or Down - January 14, 9:00PM-9:15PM ET",price_change,DOWN,0.02,9208.58,0.08,0.09
2026-01-15 10:08:24,396,"Bitcoin Up or Down - January 14, 9:00PM-9:15PM ET",price_change,UP,0.84,1411.39,0.91,0.92
2026-01-15 10:08:25,395,"Bitcoin Up or Down - January 14, 9:00PM-9:15PM ET",price_change,DOWN,0.02,9489.6,0.08,0.09
2026-01-15 10:08:25,395,"Bitcoin Up or Down - January 14, 9:00PM-9:15PM ET",price_change,UP,0.91,2249.53,0.91,0.92
2026-01-15 10:08:26,394,"Bitcoin Up or Down - January 14, 9:00PM-9:15PM ET",price_change,DOWN,0.02,9489.6,0.08,0.09
2026-01-15 10:08:26,394,"Bitcoin Up or Down - January 14, 9:00PM-9:15PM ET",price_change,UP,0.02,7993.28,0.91,0.92
2026-01-15 10:08:27,393,"Bitcoin Up or Down - January 14, 9:00PM-9:15PM ET",price_change,DOWN,0.02,9489.6,0.08,0.09
2026-01-15 10:08:27,393,"Bitcoin Up or Down - January 14, 9:00PM-9:15PM ET",price_change,UP,0.63,1060.6,0.91,0.92
2026-01-15 10:08:28,392,"Bitcoin Up or Down - January 14, 9:00PM-9:15PM ET",price_change,DOWN,0.02,9489.6,0.08,0.09
2026-01-15 10:08:28,392,"Bitcoin Up or Down - January 14, 9:00PM-9:15PM ET",price_change,UP,0.81,1818.05,0.91,0.92
2026-01-15 10:08:29,391,"Bitcoin Up or Down - January 14, 9:00PM-9:15PM ET",price_change,DOWN,0.02,9489.6,0.08,0.09
2026-01-15 10:08:29,391,"Bitcoin Up or Down - January 14, 9:00PM-9:15PM ET",price_change,UP,0.86,2247.5,0.91,0.92
2026-01-15 10:08:30,390,"Bitcoin Up or Down - January 14, 9:00PM-9:15PM ET",price_change,DOWN,0.08,13.48,0.08,0.09
2026-01-15 10:08:30,390,"Bitcoin Up or Down - January 14, 9:00PM-9:15PM ET",price_change,UP,0.91,3279.47,0.91,0.92
2026-01-15 10:08:31,389,"Bitcoin Up or Down - January 14, 9:00PM-9:15PM ET",price_change,UP,0.92,319.64,0.92,0.93
2026-01-15 10:08:31,389,"Bitcoin Up or Down - January 14, 9:00PM-9:15PM ET",price_change,DOWN,0.05,992.32,0.07,0.08
2026-01-15 10:08:32,388,"Bitcoin Up or Down - January 14, 9:00PM-9:15PM ET",price_change,DOWN,0.01,72031.84,0.07,0.08
2026-01-15 10:08:32,388,"Bitcoin Up or Down - January 14, 9:00PM-9:15PM ET",price_change,UP,0.91,3026.55,0.92,0.93
2026-01-15 10:08:33,387,"Bitcoin Up or Down - January 14, 9:00PM-9:15PM ET",price_change,DOWN,0.02,8611.5,0.07,0.08
2026-01-15 10:08:33,387,"Bitcoin Up or Down - January 14, 9:00PM-9:15PM ET",price_change,UP,0.89,2609.14,0.92,0.93
2026-01-15 10:08:34,386,"Bitcoin Up or Down - January 14, 9:00PM-9:15PM ET",price_change,DOWN,0.02,8545.2,0.07,0.08
2026-01-15 10:08:34,386,"Bitcoin Up or Down - January 14, 9:00PM-9:15PM ET",price_change,UP,0.73,1463.6,0.92,0.93
2026-01-15 10:08:35,385,"Bitcoin Up or Down - January 14, 9:00PM-9:15PM ET",price_change,UP,0.91,2198.26,0.92,0.93
2026-01-15 10:08:35,385,"Bitcoin Up or Down - January 14, 9:00PM-9:15PM ET",price_change,DOWN,0.02,8545.2,0.07,0.08
2026-01-15 10:08:36,384,"Bitcoin Up or Down - January 14, 9:00PM-9:15PM ET",price_change,DOWN,0.02,8545.2,0.07,0.08
2026-01-15 10:08:36,384,"Bitcoin Up or Down - January 14, 9:00PM-9:15PM ET",price_change,UP,0.91,2147.26,0.92,0.93
2026-01-15 10:08:37,383,"Bitcoin Up or Down - January 14, 9:00PM-9:15PM ET",price_change,UP,0.89,2456.14,0.92,0.93
2026-01-15 10:08:37,383,"Bitcoin Up or Down - January 14, 9:00PM-9:15PM ET",price_change,DOWN,0.03,148534.4,0.07,0.08
2026-01-15 10:08:38,382,"Bitcoin Up or Down - January 14, 9:00PM-9:15PM ET",price_change,DOWN,0.03,148436.4,0.07,0.08
2026-01-15 10:08:38,382,"Bitcoin Up or Down - January 14, 9:00PM-9:15PM ET",price_change,UP,0.92,1071.93,0.92,0.93
2026-01-15 10:08:39,381,"Bitcoin Up or Down - January 14, 9:00PM-9:15PM ET",price_change,DOWN,0.03,148436.4,0.07,0.08
2026-01-15 10:08:39,381,"Bitcoin Up or Down - January 14, 9:00PM-9:15PM ET",price_change,UP,0.92,1213.93,0.92,0.93
2026-01-15 10:08:40,380,"Bitcoin Up or Down - January 14, 9:00PM-9:15PM ET",price_change,UP,0.91,2311.18,0.92,0.93
2026-01-15 10:08:40,380,"Bitcoin Up or Down - January 14, 9:00PM-9:15PM ET",price_change,DOWN,0.04,2001.59,0.07,0.08
2026-01-15 10:08:41,379,"Bitcoin Up or Down - January 14, 9:00PM-9:15PM ET",price_change,DOWN,0.07,96.25,0.07,0.08
2026-01-15 10:08:41,379,"Bitcoin Up or Down - January 14, 9:00PM-9:15PM ET",price_change,UP,0.79,1605.73,0.92,0.93
2026-01-15 10:08:42,378,"Bitcoin Up or Down - January 14, 9:00PM-9:15PM ET",price_change,DOWN,0.03,148517.4,0.07,0.08
2026-01-15 10:08:42,378,"Bitcoin Up or Down - January 14, 9:00PM-9:15PM ET",price_change,UP,0.66,1086.8,0.92,0.93
2026-01-15 10:08:43,377,"Bitcoin Up or Down - January 14, 9:00PM-9:15PM ET",price_change,DOWN,0.01,71959.99,0.07,0.08
2026-01-15 10:08:43,377,"Bitcoin Up or Down - January 14, 9:00PM-9:15PM ET",price_change,UP,0.92,2191.46,0.92,0.93
2026-01-15 10:08:44,376,"Bitcoin Up or Down - January 14, 9:00PM-9:15PM ET",price_change,DOWN,0.02,8545.2,0.07,0.08
2026-01-15 10:08:44,376,"Bitcoin Up or Down - January 14, 9:00PM-9:15PM ET",price_change,UP,0.92,2197.46,0.92,0.93
2026-01-15 10:08:45,375,"Bitcoin Up or Down - January 14, 9:00PM-9:15PM ET",price_change,DOWN,0.02,8545.2,0.07,0.08
2026-01-15 10:08:45,375,"Bitcoin Up or Down - January 14, 9:00PM-9:15PM ET",price_change,UP,0.92,2154.92,0.92,0.93
2026-01-15 10:08:46,374,"Bitcoin Up or Down - January 14, 9:00PM-9:15PM ET",price_change,DOWN,0.02,8545.2,0.07,0.08
2026-01-15 10:08:46,374,"Bitcoin Up or Down - January 14, 9:00PM-9:15PM ET",price_change,UP,0.93,14.22,0.93,0.94
2026-01-15 10:08:47,373,"Bitcoin Up or Down - January 14, 9:00PM-9:15PM ET",price_change,DOWN,0.02,8545.2,0.06,0.07
2026-01-15 10:08:47,373,"Bitcoin Up or Down - January 14, 9:00PM-9:15PM ET",price_change,UP,0.9,1100.99,0.93,0.94
2026-01-15 10:08:48,372,"Bitcoin Up or Down - January 14, 9:00PM-9:15PM ET",price_change,DOWN,0.02,8545.2,0.06,0.07
2026-01-15 10:08:48,372,"Bitcoin Up or Down - January 14, 9:00PM-9:15PM ET",price_change,UP,0.06,5156,0.93,0.94
2026-01-15 10:08:49,371,"Bitcoin Up or Down - January 14, 9:00PM-9:15PM ET",price_change,DOWN,0.02,8600.2,0.06,0.07
2026-01-15 10:08:49,371,"Bitcoin Up or Down - January 14, 9:00PM-9:15PM ET",price_change,UP,0.92,2930.23,0.93,0.94
2026-01-15 10:08:50,370,"Bitcoin Up or Down - January 14, 9:00PM-9:15PM ET",price_change,DOWN,0.02,8600.2,0.06,0.07
2026-01-15 10:08:50,370,"Bitcoin Up or Down - January 14, 9:00PM-9:15PM ET",price_change,UP,0.93,86.21,0.93,0.94
2026-01-15 10:08:51,369,"Bitcoin Up or Down - January 14, 9:00PM-9:15PM ET",price_change,DOWN,0.02,8622.2,0.06,0.07
2026-01-15 10:08:51,369,"Bitcoin Up or Down - January 14, 9:00PM-9:15PM ET",price_change,UP,0.91,2217.18,0.93,0.94
2026-01-15 10:08:52,368,"Bitcoin Up or Down - January 14, 9:00PM-9:15PM ET",price_change,DOWN,0.02,8622.2,0.06,0.07
2026-01-15 10:08:52,368,"Bitcoin Up or Down - January 14, 9:00PM-9:15PM ET",price_change,UP,0.01,13532.09,0.93,0.94
2026-01-15 10:08:53,367,"Bitcoin Up or Down - January 14, 9:00PM-9:15PM ET",price_change,DOWN,0.02,8622.2,0.06,0.07
2026-01-15 10:08:53,367,"Bitcoin Up or Down - January 14, 9:00PM-9:15PM ET",price_change,UP,0.93,967.13,0.93,0.94
2026-01-15 10:08:54,366,"Bitcoin Up or Down - January 14, 9:00PM-9:15PM ET",price_change,DOWN,0.02,8623.2,0.06,0.07
2026-01-15 10:08:54,366,"Bitcoin Up or Down - January 14, 9:00PM-9:15PM ET",price_change,UP,0.93,915.84,0.93,0.94
2026-01-15 10:08:55,365,"Bitcoin Up or Down - January 14, 9:00PM-9:15PM ET",price_change,DOWN,0.02,8623.2,0.06,0.07
2026-01-15 10:08:55,365,"Bitcoin Up or Down - January 14, 9:00PM-9:15PM ET",price_change,UP,0.93,957.84,0.93,0.94
2026-01-15 10:08:56,364,"Bitcoin Up or Down - January 14, 9:00PM-9:15PM ET",price_change,DOWN,0.02,8623.2,0.06,0.07
2026-01-15 10:08:56,364,"Bitcoin Up or Down - January 14, 9:00PM-9:15PM ET",price_change,UP,0.63,1060.6,0.93,0.94
2026-01-15 10:08:57,363,"Bitcoin Up or Down - January 14, 9:00PM-9:15PM ET",price_change,DOWN,0.06,16787.4,0.06,0.07
2026-01-15 10:08:57,363,"Bitcoin Up or Down - January 14, 9:00PM-9:15PM ET",price_change,UP,0.93,956.28,0.93,0.94
2026-01-15 10:08:58,362,"Bitcoin Up or Down - January 14, 9:00PM-9:15PM ET",price_change,UP,0.8,1278.16,0.93,0.94
2026-01-15 10:08:58,362,"Bitcoin Up or Down - January 14, 9:00PM-9:15PM ET",price_change,DOWN,0.02,8575.2,0.06,0.07
2026-01-15 10:08:59,361,"Bitcoin Up or Down - January 14, 9:00PM-9:15PM ET",price_change,DOWN,0.06,15167.76,0.06,0.07
2026-01-15 10:08:59,361,"Bitcoin Up or Down - January 14, 9:00PM-9:15PM ET",price_change,UP,0.76,1498.1,0.93,0.94
2026-01-15 10:09:00,360,"Bitcoin Up or Down - January 14, 9:00PM-9:15PM ET",price_change,DOWN,0.01,71538.99,0.06,0.07
2026-01-15 10:09:00,360,"Bitcoin Up or Down - January 14, 9:00PM-9:15PM ET",price_change,UP,0.93,1959,0.93,0.94
2026-01-15 10:09:01,359,"Bitcoin Up or Down - January 14, 9:00PM-9:15PM ET",price_change,DOWN,0.01,71538.99,0.06,0.07
2026-01-15 10:09:01,359,"Bitcoin Up or Down - January 14, 9:00PM-9:15PM ET",price_change,UP,0.9,1448.91,0.93,0.94
2026-01-15 10:09:02,358,"Bitcoin Up or Down - January 14, 9:00PM-9:15PM ET",price_change,DOWN,0.07,1316.12,0.07,0.08
2026-01-15 10:09:02,358,"Bitcoin Up or Down - January 14, 9:00PM-9:15PM ET",price_change,UP,0.91,2766.8,0.92,0.93
2026-01-15 10:09:03,357,"Bitcoin Up or Down - January 14, 9:00PM-9:15PM ET",price_change,UP,0.91,2761.8,0.92,0.93
2026-01-15 10:09:03,357,"Bitcoin Up or Down - January 14, 9:00PM-9:15PM ET",price_change,DOWN,0.07,1252.06,0.07,0.08
2026-01-15 10:09:04,356,"Bitcoin Up or Down - January 14, 9:00PM-9:15PM ET",price_change,DOWN,0.03,146145.4,0.07,0.08
2026-01-15 10:09:04,356,"Bitcoin Up or Down - January 14, 9:00PM-9:15PM ET",price_change,UP,0.66,1086.8,0.92,0.93
2026-01-15 10:09:05,355,"Bitcoin Up or Down - January 14, 9:00PM-9:15PM ET",price_change,DOWN,0.01,70808.6,0.07,0.08
2026-01-15 10:09:05,355,"Bitcoin Up or Down - January 14, 9:00PM-9:15PM ET",price_change,UP,0.91,2770.26,0.92,0.93
2026-01-15 10:09:06,354,"Bitcoin Up or Down - January 14, 9:00PM-9:15PM ET",price_change,DOWN,0.04,815.92,0.07,0.08
2026-01-15 10:09:06,354,"Bitcoin Up or Down - January 14, 9:00PM-9:15PM ET",price_change,UP,0.81,1594.92,0.92,0.93
2026-01-15 10:09:07,353,"Bitcoin Up or Down - January 14, 9:00PM-9:15PM ET",price_change,DOWN,0.07,914.58,0.07,0.08
2026-01-15 10:09:07,353,"Bitcoin Up or Down - January 14, 9:00PM-9:15PM ET",price_change,UP,0.01,13549.4,0.92,0.93
2026-01-15 10:09:08,352,"Bitcoin Up or Down - January 14, 9:00PM-9:15PM ET",price_change,UP,0.66,1086.8,0.92,0.93
2026-01-15 10:09:08,352,"Bitcoin Up or Down - January 14, 9:00PM-9:15PM ET",price_change,DOWN,0.04,814.67,0.07,0.08
2026-01-15 10:09:09,351,"Bitcoin Up or Down - January 14, 9:00PM-9:15PM ET",price_change,DOWN,0.04,812.67,0.07,0.08
2026-01-15 10:09:09,351,"Bitcoin Up or Down - January 14, 9:00PM-9:15PM ET",price_change,UP,0.66,1096.8,0.92,0.93
2026-01-15 10:09:10,350,"Bitcoin Up or Down - January 14, 9:00PM-9:15PM ET",price_change,UP,0.92,2930.57,0.92,0.93
2026-01-15 10:09:10,350,"Bitcoin Up or Down - January 14, 9:00PM-9:15PM ET",price_change,DOWN,0.03,146350.4,0.07,0.08
2026-01-15 10:09:11,349,"Bitcoin Up or Down - January 14, 9:00PM-9:15PM ET",price_change,DOWN,0.04,810.92,0.07,0.08
2026-01-15 10:09:11,349,"Bitcoin Up or Down - January 14, 9:00PM-9:15PM ET",price_change,UP,0.92,2937.91,0.92,0.93
2026-01-15 10:09:12,348,"Bitcoin Up or Down - January 14, 9:00PM-9:15PM ET",price_change,DOWN,0.04,813.92,0.07,0.08
2026-01-15 10:09:12,348,"Bitcoin Up or Down - January 14, 9:00PM-9:15PM ET",price_change,UP,0.92,2932.91,0.92,0.93
2026-01-15 10:09:13,347,"Bitcoin Up or Down - January 14, 9:00PM-9:15PM ET",price_change,UP,0.77,1218.3,0.92,0.93
2026-01-15 10:09:13,347,"Bitcoin Up or Down - January 14, 9:00PM-9:15PM ET",price_change,DOWN,0.04,810.92,0.07,0.08
2026-01-15 10:09:14,346,"Bitcoin Up or Down - January 14, 9:00PM-9:15PM ET",price_change,DOWN,0.03,146335.4,0.07,0.08
2026-01-15 10:09:14,346,"Bitcoin Up or Down - January 14, 9:00PM-9:15PM ET",price_change,UP,0.92,2870.41,0.92,0.93
2026-01-15 10:09:15,345,"Bitcoin Up or Down - January 14, 9:00PM-9:15PM ET",price_change,DOWN,0.04,898.67,0.07,0.08
2026-01-15 10:09:15,345,"Bitcoin Up or Down - January 14, 9:00PM-9:15PM ET",price_change,UP,0.92,2875.41,0.92,0.93
2026-01-15 10:09:16,344,"Bitcoin Up or Down - January 14, 9:00PM-9:15PM ET",price_change,DOWN,0.01,70509.73,0.07,0.08
2026-01-15 10:09:16,344,"Bitcoin Up or Down - January 14, 9:00PM-9:15PM ET",price_change,UP,0.92,2885.41,0.92,0.93
2026-01-15 10:09:17,343,"Bitcoin Up or Down - January 14, 9:00PM-9:15PM ET",price_change,UP,0.92,2954.38,0.92,0.93
2026-01-15 10:09:17,343,"Bitcoin Up or Down - January 14, 9:00PM-9:15PM ET",price_change,DOWN,0.07,256.45,0.07,0.08
2026-01-15 10:09:18,342,"Bitcoin Up or Down - January 14, 9:00PM-9:15PM ET",price_change,DOWN,0.04,1907.92,0.07,0.08
2026-01-15 10:09:18,342,"Bitcoin Up or Down - January 14, 9:00PM-9:15PM ET",price_change,UP,0.89,2551.14,0.92,0.93
2026-01-15 10:09:19,341,"Bitcoin Up or Down - January 14, 9:00PM-9:15PM ET",price_change,UP,0.91,2770.26,0.92,0.93
2026-01-15 10:09:19,341,"Bitcoin Up or Down - January 14, 9:00PM-9:15PM ET",price_change,DOWN,0.03,147345.4,0.07,0.08
2026-01-15 10:09:20,340,"Bitcoin Up or Down - January 14, 9:00PM-9:15PM ET",price_change,UP,0.92,2954.88,0.92,0.93
2026-01-15 10:09:20,340,"Bitcoin Up or Down - January 14, 9:00PM-9:15PM ET",price_change,DOWN,0.07,155.72,0.07,0.08
2026-01-15 10:09:21,339,"Bitcoin Up or Down - January 14, 9:00PM-9:15PM ET",price_change,UP,0.9,1804.25,0.92,0.94
2026-01-15 10:09:21,339,"Bitcoin Up or Down - January 14, 9:00PM-9:15PM ET",price_change,DOWN,0.05,1296.14,0.06,0.07
2026-01-15 10:09:22,338,"Bitcoin Up or Down - January 14, 9:00PM-9:15PM ET",price_change,UP,0.92,2789.84,0.93,0.94
2026-01-15 10:09:22,338,"Bitcoin Up or Down - January 14, 9:00PM-9:15PM ET",price_change,DOWN,0.06,14129.1,0.06,0.07
2026-01-15 10:09:23,337,"Bitcoin Up or Down - January 14, 9:00PM-9:15PM ET",price_change,DOWN,0.06,14165.6,0.07,0.08
2026-01-15 10:09:23,337,"Bitcoin Up or Down - January 14, 9:00PM-9:15PM ET",price_change,UP,0.91,2697.26,0.92,0.93
2026-01-15 10:09:24,336,"Bitcoin Up or Down - January 14, 9:00PM-9:15PM ET",price_change,UP,0.92,2632.04,0.92,0.93
2026-01-15 10:09:24,336,"Bitcoin Up or Down - January 14, 9:00PM-9:15PM ET",price_change,DOWN,0.04,1908.92,0.07,0.08
2026-01-15 10:09:25,335,"Bitcoin Up or Down - January 14, 9:00PM-9:15PM ET",price_change,DOWN,0.03,147419.4,0.06,0.07
2026-01-15 10:09:25,335,"Bitcoin Up or Down - January 14, 9:00PM-9:15PM ET",price_change,UP,0.88,2141.12,0.93,0.94
2026-01-15 10:09:26,334,"Bitcoin Up or Down - January 14, 9:00PM-9:15PM ET",price_change,DOWN,0.03,147458.4,0.06,0.07
2026-01-15 10:09:26,334,"Bitcoin Up or Down - January 14, 9:00PM-9:15PM ET",price_change,UP,0.83,1480.39,0.93,0.94
2026-01-15 10:09:27,333,"Bitcoin Up or Down - January 14, 9:00PM-9:15PM ET",price_change,UP,0.91,2814.92,0.93,0.94
2026-01-15 10:09:27,333,"Bitcoin Up or Down - January 14, 9:00PM-9:15PM ET",price_change,DOWN,0.01,71009.73,0.06,0.07
2026-01-15 10:09:28,332,"Bitcoin Up or Down - January 14, 9:00PM-9:15PM ET",price_change,UP,0.9,1648.65,0.93,0.94
2026-01-15 10:09:28,332,"Bitcoin Up or Down - January 14, 9:00PM-9:15PM ET",price_change,DOWN,0.05,1696.22,0.06,0.07
2026-01-15 10:09:29,331,"Bitcoin Up or Down - January 14, 9:00PM-9:15PM ET",price_change,DOWN,0.02,5754.58,0.07,0.08
2026-01-15 10:09:29,331,"Bitcoin Up or Down - January 14, 9:00PM-9:15PM ET",price_change,UP,0.89,2574.72,0.92,0.93
2026-01-15 10:09:30,330,"Bitcoin Up or Down - January 14, 9:00PM-9:15PM ET",price_change,DOWN,0.02,5754.58,0.07,0.08
2026-01-15 10:09:30,330,"Bitcoin Up or Down - January 14, 9:00PM-9:15PM ET",price_change,UP,0.9,1270.65,0.92,0.93
2026-01-15 10:09:31,329,"Bitcoin Up or Down - January 14, 9:00PM-9:15PM ET",price_change,DOWN,0.06,15993.6,0.07,0.08
2026-01-15 10:09:31,329,"Bitcoin Up or Down - January 14, 9:00PM-9:15PM ET",price_change,UP,0.91,1975.76,0.92,0.93
2026-01-15 10:09:32,328,"Bitcoin Up or Down - January 14, 9:00PM-9:15PM ET",price_change,DOWN,0.01,71046.11,0.07,0.08
2026-01-15 10:09:32,328,"Bitcoin Up or Down - January 14, 9:00PM-9:15PM ET",price_change,UP,0.89,2477.22,0.92,0.93
2026-01-15 10:09:33,327,"Bitcoin Up or Down - January 14, 9:00PM-9:15PM ET",price_change,DOWN,0.01,71046.11,0.07,0.08
2026-01-15 10:09:33,327,"Bitcoin Up or Down - January 14, 9:00PM-9:15PM ET",price_change,UP,0.8,1328.09,0.92,0.93
2026-01-15 10:09:34,326,"Bitcoin Up or Down - January 14, 9:00PM-9:15PM ET",price_change,DOWN,0.01,71046.11,0.07,0.08
2026-01-15 10:09:34,326,"Bitcoin Up or Down - January 14, 9:00PM-9:15PM ET",price_change,UP,0.64,1091.6,0.92,0.93
2026-01-15 10:09:35,325,"Bitcoin Up or Down - January 14, 9:00PM-9:15PM ET",price_change,UP,0.9,1329.66,0.92,0.93
2026-01-15 10:09:35,325,"Bitcoin Up or Down - January 14, 9:00PM-9:15PM ET",price_change,DOWN,0.03,147597.4,0.07,0.08
2026-01-15 10:09:36,324,"Bitcoin Up or Down - January 14, 9:00PM-9:15PM ET",price_change,DOWN,0.02,5744.58,0.08,0.09
2026-01-15 10:09:36,324,"Bitcoin Up or Down - January 14, 9:00PM-9:15PM ET",price_change,UP,0.76,1596.53,0.91,0.92
2026-01-15 10:09:37,323,"Bitcoin Up or Down - January 14, 9:00PM-9:15PM ET",price_change,DOWN,0.02,5744.58,0.08,0.09
2026-01-15 10:09:37,323,"Bitcoin Up or Down - January 14, 9:00PM-9:15PM ET",price_change,UP,0.85,1615.31,0.91,0.92
2026-01-15 10:09:38,322,"Bitcoin Up or Down - January 14, 9:00PM-9:15PM ET",price_change,DOWN,0.02,5744.58,0.08,0.09
2026-01-15 10:09:38,322,"Bitcoin Up or Down - January 14, 9:00PM-9:15PM ET",price_change,UP,0.89,2150.72,0.91,0.92
2026-01-15 10:09:39,321,"Bitcoin Up or Down - January 14, 9:00PM-9:15PM ET",price_change,DOWN,0.02,5744.58,0.08,0.09
2026-01-15 10:09:39,321,"Bitcoin Up or Down - January 14, 9:00PM-9:15PM ET",price_change,UP,0.87,1821.92,0.91,0.92
2026-01-15 10:09:40,320,"Bitcoin Up or Down - January 14, 9:00PM-9:15PM ET",price_change,DOWN,0.02,5744.58,0.08,0.09
2026-01-15 10:09:40,320,"Bitcoin Up or Down - January 14, 9:00PM-9:15PM ET",price_change,UP,0.87,1821.92,0.91,0.92
2026-01-15 10:09:41,319,"Bitcoin Up or Down - January 14, 9:00PM-9:15PM ET",price_change,DOWN,0.02,5744.58,0.08,0.09
2026-01-15 10:09:41,319,"Bitcoin Up or Down - January 14, 9:00PM-9:15PM ET",price_change,UP,0.88,2031.04,0.91,0.92
2026-01-15 10:09:42,318,"Bitcoin Up or Down - January 14, 9:00PM-9:15PM ET",price_change,DOWN,0.02,5744.58,0.08,0.09
2026-01-15 10:09:42,318,"Bitcoin Up or Down - January 14, 9:00PM-9:15PM ET",price_change,UP,0.91,1874.84,0.91,0.92
2026-01-15 10:09:43,317,"Bitcoin Up or Down - January 14, 9:00PM-9:15PM ET",price_change,DOWN,0.02,5744.58,0.08,0.09
2026-01-15 10:09:43,317,"Bitcoin Up or Down - January 14, 9:00PM-9:15PM ET",price_change,UP,0.91,1859.84,0.91,0.92
2026-01-15 10:09:44,316,"Bitcoin Up or Down - January 14, 9:00PM-9:15PM ET",price_change,UP,0.91,1788.25,0.91,0.92
2026-01-15 10:09:44,316,"Bitcoin Up or Down - January 14, 9:00PM-9:15PM ET",price_change,DOWN,0.04,3231.59,0.08,0.09
2026-01-15 10:09:45,315,"Bitcoin Up or Down - January 14, 9:00PM-9:15PM ET",price_change,UP,0.91,1043.25,0.91,0.92
2026-01-15 10:09:45,315,"Bitcoin Up or Down - January 14, 9:00PM-9:15PM ET",price_change,DOWN,0.02,5744.58,0.08,0.09
2026-01-15 10:09:46,314,"Bitcoin Up or Down - January 14, 9:00PM-9:15PM ET",price_change,DOWN,0.04,1763.67,0.08,0.09
2026-01-15 10:09:46,314,"Bitcoin Up or Down - January 14, 9:00PM-9:15PM ET",price_change,UP,0.91,2383.17,0.91,0.92
2026-01-15 10:09:47,313,"Bitcoin Up or Down - January 14, 9:00PM-9:15PM ET",price_change,DOWN,0.04,1844.67,0.08,0.09
2026-01-15 10:09:47,313,"Bitcoin Up or Down - January 14, 9:00PM-9:15PM ET",price_change,UP,0.76,1478.1,0.91,0.92
2026-01-15 10:09:48,312,"Bitcoin Up or Down - January 14, 9:00PM-9:15PM ET",price_change,DOWN,0.01,71046.11,0.08,0.09
2026-01-15 10:09:48,312,"Bitcoin Up or Down - January 14, 9:00PM-9:15PM ET",price_change,UP,0.07,5025,0.91,0.92
2026-01-15 10:09:49,311,"Bitcoin Up or Down - January 14, 9:00PM-9:15PM ET",price_change,DOWN,0.01,71040.11,0.08,0.09
2026-01-15 10:09:49,311,"Bitcoin Up or Down - January 14, 9:00PM-9:15PM ET",price_change,UP,0.88,2288.04,0.91,0.92
2026-01-15 10:09:50,310,"Bitcoin Up or Down - January 14, 9:00PM-9:15PM ET",price_change,DOWN,0.01,71051.11,0.08,0.09
2026-01-15 10:09:50,310,"Bitcoin Up or Down - January 14, 9:00PM-9:15PM ET",price_change,UP,0.64,1081.6,0.91,0.92
2026-01-15 10:09:51,309,"Bitcoin Up or Down - January 14, 9:00PM-9:15PM ET",price_change,DOWN,0.01,71051.11,0.08,0.09
2026-01-15 10:09:51,309,"Bitcoin Up or Down - January 14, 9:00PM-9:15PM ET",price_change,UP,0.64,1091.6,0.91,0.92
2026-01-15 10:09:52,308,"Bitcoin Up or Down - January 14, 9:00PM-9:15PM ET",price_change,DOWN,0.01,71051.11,0.08,0.09
2026-01-15 10:09:52,308,"Bitcoin Up or Down - January 14, 9:00PM-9:15PM ET",price_change,UP,0.9,1952.51,0.91,0.92
2026-01-15 10:09:53,307,"Bitcoin Up or Down - January 14, 9:00PM-9:15PM ET",price_change,DOWN,0.01,71051.11,0.08,0.09
2026-01-15 10:09:53,307,"Bitcoin Up or Down - January 14, 9:00PM-9:15PM ET",price_change,UP,0.85,1508.39,0.91,0.92
2026-01-15 10:09:54,306,"Bitcoin Up or Down - January 14, 9:00PM-9:15PM ET",price_change,UP,0.89,2833.64,0.91,0.92
2026-01-15 10:09:54,306,"Bitcoin Up or Down - January 14, 9:00PM-9:15PM ET",price_change,DOWN,0.04,2226.59,0.08,0.09
2026-01-15 10:09:55,305,"Bitcoin Up or Down - January 14, 9:00PM-9:15PM ET",price_change,DOWN,0.01,71051.11,0.08,0.09
2026-01-15 10:09:55,305,"Bitcoin Up or Down - January 14, 9:00PM-9:15PM ET",price_change,UP,0.64,1091.6,0.91,0.92
2026-01-15 10:09:56,304,"Bitcoin Up or Down - January 14, 9:00PM-9:15PM ET",price_change,DOWN,0.01,71051.11,0.08,0.09
2026-01-15 10:09:56,304,"Bitcoin Up or Down - January 14, 9:00PM-9:15PM ET",price_change,UP,0.8,1328.09,0.91,0.92
2026-01-15 10:09:57,303,"Bitcoin Up or Down - January 14, 9:00PM-9:15PM ET",price_change,DOWN,0.01,71051.11,0.08,0.09
2026-01-15 10:09:57,303,"Bitcoin Up or Down - January 14, 9:00PM-9:15PM ET",price_change,UP,0.9,1952.51,0.91,0.92
2026-01-15 10:09:58,302,"Bitcoin Up or Down - January 14, 9:00PM-9:15PM ET",price_change,DOWN,0.01,71051.11,0.08,0.09
2026-01-15 10:09:58,302,"Bitcoin Up or Down - January 14, 9:00PM-9:15PM ET",price_change,UP,0.9,1949.51,0.91,0.92
2026-01-15 10:09:59,301,"Bitcoin Up or Down - January 14, 9:00PM-9:15PM ET",price_change,DOWN,0.01,71051.11,0.08,0.09
2026-01-15 10:09:59,301,"Bitcoin Up or Down - January 14, 9:00PM-9:15PM ET",price_change,UP,0.89,2816.64,0.91,0.92
2026-01-15 10:10:00,300,"Bitcoin Up or Down - January 14, 9:00PM-9:15PM ET",price_change,DOWN,0.01,71045.11,0.08,0.09
2026-01-15 10:10:00,300,"Bitcoin Up or Down - January 14, 9:00PM-9:15PM ET",price_change,UP,0.64,1091.6,0.91,0.92
2026-01-15 10:10:01,299,"Bitcoin Up or Down - January 14, 9:00PM-9:15PM ET",price_change,UP,0.91,2925.3,0.92,0.93
2026-01-15 10:10:01,299,"Bitcoin Up or Down - January 14, 9:00PM-9:15PM ET",price_change,DOWN,0.01,70951.11,0.07,0.08
2026-01-15 10:10:02,298,"Bitcoin Up or Down - January 14, 9:00PM-9:15PM ET",price_change,UP,0.73,1463.6,0.93,0.94
2026-01-15 10:10:02,298,"Bitcoin Up or Down - January 14, 9:00PM-9:15PM ET",price_change,DOWN,0.04,2215.01,0.06,0.07
2026-01-15 10:10:03,297,"Bitcoin Up or Down - January 14, 9:00PM-9:15PM ET",price_change,DOWN,0.09,93,0.09,0.1
2026-01-15 10:10:03,297,"Bitcoin Up or Down - January 14, 9:00PM-9:15PM ET",price_change,UP,0.9,211,0.9,0.91
2026-01-15 10:10:04,296,"Bitcoin Up or Down - January 14, 9:00PM-9:15PM ET",price_change,DOWN,0.05,6006.14,0.09,0.1
2026-01-15 10:10:04,296,"Bitcoin Up or Down - January 14, 9:00PM-9:15PM ET",price_change,UP,0.85,1760.31,0.9,0.91
2026-01-15 10:10:05,295,"Bitcoin Up or Down - January 14, 9:00PM-9:15PM ET",price_change,DOWN,0.05,5925.22,0.09,0.1
2026-01-15 10:10:05,295,"Bitcoin Up or Down - January 14, 9:00PM-9:15PM ET",price_change,UP,0.75,1739.14,0.9,0.91
2026-01-15 10:10:06,294,"Bitcoin Up or Down - January 14, 9:00PM-9:15PM ET",price_change,DOWN,0.04,2079.67,0.08,0.09
2026-01-15 10:10:06,294,"Bitcoin Up or Down - January 14, 9:00PM-9:15PM ET",price_change,UP,0.9,335.2,0.91,0.92
2026-01-15 10:10:07,293,"Bitcoin Up or Down - January 14, 9:00PM-9:15PM ET",price_change,DOWN,0.04,2114.67,0.08,0.09
2026-01-15 10:10:07,293,"Bitcoin Up or Down - January 14, 9:00PM-9:15PM ET",price_change,UP,0.65,1081.7,0.91,0.92
2026-01-15 10:10:08,292,"Bitcoin Up or Down - January 14, 9:00PM-9:15PM ET",price_change,DOWN,0.04,2114.67,0.08,0.09
2026-01-15 10:10:08,292,"Bitcoin Up or Down - January 14, 9:00PM-9:15PM ET",price_change,UP,0.87,1390,0.91,0.92
2026-01-15 10:10:09,291,"Bitcoin Up or Down - January 14, 9:00PM-9:15PM ET",price_change,DOWN,0.03,147789.78,0.08,0.09
2026-01-15 10:10:09,291,"Bitcoin Up or Down - January 14, 9:00PM-9:15PM ET",price_change,UP,0.85,1760.31,0.91,0.92
2026-01-15 10:10:10,290,"Bitcoin Up or Down - January 14, 9:00PM-9:15PM ET",price_change,DOWN,0.03,147535.18,0.08,0.09
2026-01-15 10:10:10,290,"Bitcoin Up or Down - January 14, 9:00PM-9:15PM ET",price_change,UP,0.88,1920.12,0.91,0.92
2026-01-15 10:10:11,289,"Bitcoin Up or Down - January 14, 9:00PM-9:15PM ET",price_change,UP,0.84,1511.39,0.91,0.92
2026-01-15 10:10:11,289,"Bitcoin Up or Down - January 14, 9:00PM-9:15PM ET",price_change,DOWN,0.02,5974.18,0.08,0.09
2026-01-15 10:10:12,288,"Bitcoin Up or Down - January 14, 9:00PM-9:15PM ET",price_change,DOWN,0.02,5974.18,0.08,0.09
2026-01-15 10:10:12,288,"Bitcoin Up or Down - January 14, 9:00PM-9:15PM ET",price_change,UP,0.65,1081.7,0.91,0.92
2026-01-15 10:10:13,287,"Bitcoin Up or Down - January 14, 9:00PM-9:15PM ET",price_change,DOWN,0.02,5974.18,0.08,0.09
2026-01-15 10:10:13,287,"Bitcoin Up or Down - January 14, 9:00PM-9:15PM ET",price_change,UP,0.91,1146.12,0.91,0.92
2026-01-15 10:10:14,286,"Bitcoin Up or Down - January 14, 9:00PM-9:15PM ET",price_change,DOWN,0.02,5744.58,0.08,0.09
2026-01-15 10:10:14,286,"Bitcoin Up or Down - January 14, 9:00PM-9:15PM ET",price_change,UP,0.88,2288.04,0.91,0.92
2026-01-15 10:10:15,285,"Bitcoin Up or Down - January 14, 9:00PM-9:15PM ET",price_change,DOWN,0.05,1774.14,0.07,0.08
2026-01-15 10:10:15,285,"Bitcoin Up or Down - January 14, 9:00PM-9:15PM ET",price_change,UP,0.91,1927.35,0.92,0.93
2026-01-15 10:10:16,284,"Bitcoin Up or Down - January 14, 9:00PM-9:15PM ET",price_change,DOWN,0.03,147639.4,0.07,0.08
2026-01-15 10:10:16,284,"Bitcoin Up or Down - January 14, 9:00PM-9:15PM ET",price_change,UP,0.91,2022.35,0.92,0.93
2026-01-15 10:10:17,283,"Bitcoin Up or Down - January 14, 9:00PM-9:15PM ET",price_change,DOWN,0.03,147639.4,0.07,0.08
2026-01-15 10:10:17,283,"Bitcoin Up or Down - January 14, 9:00PM-9:15PM ET",price_change,UP,0.92,87,0.92,0.93
2026-01-15 10:10:18,282,"Bitcoin Up or Down - January 14, 9:00PM-9:15PM ET",price_change,DOWN,0.03,147639.4,0.07,0.08
2026-01-15 10:10:18,282,"Bitcoin Up or Down - January 14, 9:00PM-9:15PM ET",price_change,UP,0.92,25.26,0.92,0.93
2026-01-15 10:10:19,281,"Bitcoin Up or Down - January 14, 9:00PM-9:15PM ET",price_change,DOWN,0.03,147639.4,0.07,0.08
2026-01-15 10:10:19,281,"Bitcoin Up or Down - January 14, 9:00PM-9:15PM ET",price_change,UP,0.9,1358.13,0.92,0.93
2026-01-15 10:10:20,280,"Bitcoin Up or Down - January 14, 9:00PM-9:15PM ET",price_change,DOWN,0.03,147639.4,0.07,0.08
2026-01-15 10:10:20,280,"Bitcoin Up or Down - January 14, 9:00PM-9:15PM ET",price_change,UP,0.91,2045.07,0.92,0.93
2026-01-15 10:10:21,279,"Bitcoin Up or Down - January 14, 9:00PM-9:15PM ET",price_change,DOWN,0.03,147639.4,0.07,0.08
2026-01-15 10:10:21,279,"Bitcoin Up or Down - January 14, 9:00PM-9:15PM ET",price_change,UP,0.89,3004.72,0.92,0.93
2026-01-15 10:10:22,278,"Bitcoin Up or Down - January 14, 9:00PM-9:15PM ET",price_change,DOWN,0.01,71159.11,0.07,0.08
2026-01-15 10:10:22,278,"Bitcoin Up or Down - January 14, 9:00PM-9:15PM ET",price_change,UP,0.92,6.03,0.92,0.93
2026-01-15 10:10:23,277,"Bitcoin Up or Down - January 14, 9:00PM-9:15PM ET",price_change,UP,0.88,1011.04,0.88,0.91
2026-01-15 10:10:23,277,"Bitcoin Up or Down - January 14, 9:00PM-9:15PM ET",price_change,DOWN,0.09,509.35,0.09,0.12
2026-01-15 10:10:24,276,"Bitcoin Up or Down - January 14, 9:00PM-9:15PM ET",price_change,DOWN,0.09,363.51,0.1,0.11
2026-01-15 10:10:24,276,"Bitcoin Up or Down - January 14, 9:00PM-9:15PM ET",price_change,UP,0.87,2102,0.89,0.9
2026-01-15 10:10:25,275,"Bitcoin Up or Down - January 14, 9:00PM-9:15PM ET",price_change,DOWN,0.04,1871.57,0.1,0.11
2026-01-15 10:10:25,275,"Bitcoin Up or Down - January 14, 9:00PM-9:15PM ET",price_change,UP,0.89,53.68,0.89,0.9
2026-01-15 10:10:26,274,"Bitcoin Up or Down - January 14, 9:00PM-9:15PM ET",price_change,DOWN,0.04,1871.57,0.09,0.11
2026-01-15 10:10:26,274,"Bitcoin Up or Down - January 14, 9:00PM-9:15PM ET",price_change,UP,0.87,2006.27,0.89,0.91
2026-01-15 10:10:27,273,"Bitcoin Up or Down - January 14, 9:00PM-9:15PM ET",price_change,DOWN,0.08,2444.72,0.09,0.1
2026-01-15 10:10:27,273,"Bitcoin Up or Down - January 14, 9:00PM-9:15PM ET",price_change,UP,0.87,2016.5,0.9,0.91
2026-01-15 10:10:28,272,"Bitcoin Up or Down - January 14, 9:00PM-9:15PM ET",price_change,DOWN,0.04,1837.67,0.09,0.1
2026-01-15 10:10:28,272,"Bitcoin Up or Down - January 14, 9:00PM-9:15PM ET",price_change,UP,0.87,2017,0.9,0.91
2026-01-15 10:10:29,271,"Bitcoin Up or Down - January 14, 9:00PM-9:15PM ET",price_change,UP,0.86,1523.31,0.9,0.91
2026-01-15 10:10:29,271,"Bitcoin Up or Down - January 14, 9:00PM-9:15PM ET",price_change,DOWN,0.07,5219.92,0.09,0.1
2026-01-15 10:10:30,270,"Bitcoin Up or Down - January 14, 9:00PM-9:15PM ET",price_change,UP,0.89,190.76,0.89,0.91
2026-01-15 10:10:30,270,"Bitcoin Up or Down - January 14, 9:00PM-9:15PM ET",price_change,DOWN,0.07,5220.34,0.09,0.11
2026-01-15 10:10:31,269,"Bitcoin Up or Down - January 14, 9:00PM-9:15PM ET",price_change,DOWN,0.04,1837.67,0.09,0.11
2026-01-15 10:10:31,269,"Bitcoin Up or Down - January 14, 9:00PM-9:15PM ET",price_change,UP,0.89,1003.53,0.89,0.91
2026-01-15 10:10:32,268,"Bitcoin Up or Down - January 14, 9:00PM-9:15PM ET",price_change,DOWN,0.04,1837.67,0.09,0.1
2026-01-15 10:10:32,268,"Bitcoin Up or Down - January 14, 9:00PM-9:15PM ET",price_change,UP,0.88,2010.14,0.9,0.91
2026-01-15 10:10:33,267,"Bitcoin Up or Down - January 14, 9:00PM-9:15PM ET",price_change,DOWN,0.01,70984.09,0.09,0.1
2026-01-15 10:10:33,267,"Bitcoin Up or Down - January 14, 9:00PM-9:15PM ET",price_change,UP,0.88,2030.14,0.9,0.91
2026-01-15 10:10:34,266,"Bitcoin Up or Down - January 14, 9:00PM-9:15PM ET",price_change,DOWN,0.04,1837.67,0.09,0.1
2026-01-15 10:10:34,266,"Bitcoin Up or Down - January 14, 9:00PM-9:15PM ET",price_change,UP,0.88,2024.64,0.9,0.91
2026-01-15 10:10:35,265,"Bitcoin Up or Down - January 14, 9:00PM-9:15PM ET",price_change,DOWN,0.04,1969.59,0.09,0.1
2026-01-15 10:10:35,265,"Bitcoin Up or Down - January 14, 9:00PM-9:15PM ET",price_change,UP,0.65,1071.7,0.9,0.91
2026-01-15 10:10:36,264,"Bitcoin Up or Down - January 14, 9:00PM-9:15PM ET",price_change,DOWN,0.05,2445.69,0.1,0.11
2026-01-15 10:10:36,264,"Bitcoin Up or Down - January 14, 9:00PM-9:15PM ET",price_change,UP,0.68,1173,0.89,0.9
2026-01-15 10:10:37,263,"Bitcoin Up or Down - January 14, 9:00PM-9:15PM ET",price_change,DOWN,0.05,2347.69,0.1,0.11
2026-01-15 10:10:37,263,"Bitcoin Up or Down - January 14, 9:00PM-9:15PM ET",price_change,UP,0.87,2146,0.89,0.9
2026-01-15 10:10:38,262,"Bitcoin Up or Down - January 14, 9:00PM-9:15PM ET",price_change,UP,0.88,2126.29,0.89,0.9
2026-01-15 10:10:38,262,"Bitcoin Up or Down - January 14, 9:00PM-9:15PM ET",price_change,DOWN,0.1,30.14,0.1,0.11
2026-01-15 10:10:39,261,"Bitcoin Up or Down - January 14, 9:00PM-9:15PM ET",price_change,UP,0.7,1673.39,0.89,0.9
2026-01-15 10:10:39,261,"Bitcoin Up or Down - January 14, 9:00PM-9:15PM ET",price_change,DOWN,0.08,1190,0.1,0.11
2026-01-15 10:10:40,260,"Bitcoin Up or Down - January 14, 9:00PM-9:15PM ET",price_change,DOWN,0.04,1846.57,0.1,0.11
