timestamp,time_left,event,event_type,buy_pick,buy_price,buy_size,buy_best_bid,buy_best_ask
2026-01-16 09:02:09,770,"Bitcoin Up or Down - January 15, 8:00PM-8:15PM ET",price_change,DOWN,0.55,542.65,0.57,0.59
2026-01-16 09:02:09,770,"Bitcoin Up or Down - January 15, 8:00PM-8:15PM ET",price_change,UP,0.41,123.65,0.41,0.43
2026-01-16 09:02:09,770,"Bitcoin Up or Down - January 15, 8:00PM-8:15PM ET",price_change,DOWN,0.57,330.4,0.58,0.59
2026-01-16 09:02:10,770,"Bitcoin Up or Down - January 15, 8:00PM-8:15PM ET",price_change,DOWN,0.15,98.67,0.58,0.59
2026-01-16 09:02:10,770,"Bitcoin Up or Down - January 15, 8:00PM-8:15PM ET",price_change,UP,0.15,327,0.41,0.42
2026-01-16 09:02:11,769,"Bitcoin Up or Down - January 15, 8:00PM-8:15PM ET",price_change,UP,0.41,58.03,0.41,0.42
2026-01-16 09:02:11,769,"Bitcoin Up or Down - January 15, 8:00PM-8:15PM ET",price_change,DOWN,0.53,546.42,0.58,0.59
2026-01-16 09:02:12,768,"Bitcoin Up or Down - January 15, 8:00PM-8:15PM ET",price_change,UP,0.35,260.05,0.41,0.42
2026-01-16 09:02:12,768,"Bitcoin Up or Down - January 15, 8:00PM-8:15PM ET",price_change,DOWN,0.54,432.19,0.58,0.59
2026-01-16 09:02:13,767,"Bitcoin Up or Down - January 15, 8:00PM-8:15PM ET",price_change,DOWN,0.56,499.18,0.59,0.6
2026-01-16 09:02:13,767,"Bitcoin Up or Down - January 15, 8:00PM-8:15PM ET",price_change,UP,0.37,90.01,0.4,0.41
2026-01-16 09:02:14,766,"Bitcoin Up or Down - January 15, 8:00PM-8:15PM ET",price_change,DOWN,0.55,556.65,0.6,0.61
2026-01-16 09:02:14,766,"Bitcoin Up or Down - January 15, 8:00PM-8:15PM ET",price_change,UP,0.23,150,0.39,0.4
2026-01-16 09:02:14,765,"Bitcoin Up or Down - January 15, 8:00PM-8:15PM ET",price_change,DOWN,0.6,371.83,0.6,0.61
2026-01-16 09:02:14,765,"Bitcoin Up or Down - January 15, 8:00PM-8:15PM ET",price_change,UP,0.38,113.72,0.38,0.4
2026-01-16 09:02:14,765,"Bitcoin Up or Down - January 15, 8:00PM-8:15PM ET",price_change,DOWN,0.58,319,0.6,0.62
2026-01-16 09:02:15,765,"Bitcoin Up or Down - January 15, 8:00PM-8:15PM ET",price_change,DOWN,0.59,317.5,0.6,0.62
2026-01-16 09:02:15,765,"Bitcoin Up or Down - January 15, 8:00PM-8:15PM ET",price_change,UP,0.12,270.98,0.38,0.39
2026-01-16 09:02:16,764,"Bitcoin Up or Down - January 15, 8:00PM-8:15PM ET",price_change,DOWN,0.58,453.92,0.64,0.66
2026-01-16 09:02:16,764,"Bitcoin Up or Down - January 15, 8:00PM-8:15PM ET",price_change,UP,0.35,24,0.35,0.36
2026-01-16 09:02:17,763,"Bitcoin Up or Down - January 15, 8:00PM-8:15PM ET",price_change,DOWN,0.59,392.58,0.64,0.65
2026-01-16 09:02:17,763,"Bitcoin Up or Down - January 15, 8:00PM-8:15PM ET",price_change,UP,0.35,81.69,0.35,0.36
2026-01-16 09:02:18,762,"Bitcoin Up or Down - January 15, 8:00PM-8:15PM ET",price_change,UP,0.34,179.32,0.34,0.35
2026-01-16 09:02:18,762,"Bitcoin Up or Down - January 15, 8:00PM-8:15PM ET",price_change,DOWN,0.65,123.95,0.65,0.66
2026-01-16 09:02:19,761,"Bitcoin Up or Down - January 15, 8:00PM-8:15PM ET",price_change,UP,0.34,362.32,0.35,0.36
2026-01-16 09:02:19,761,"Bitcoin Up or Down - January 15, 8:00PM-8:15PM ET",price_change,DOWN,0.59,454.5,0.64,0.65
2026-01-16 09:02:20,760,"Bitcoin Up or Down - January 15, 8:00PM-8:15PM ET",price_change,UP,0.34,129.11,0.35,0.36
2026-01-16 09:02:20,760,"Bitcoin Up or Down - January 15, 8:00PM-8:15PM ET",price_change,DOWN,0.62,176.94,0.64,0.65
2026-01-16 09:02:21,759,"Bitcoin Up or Down - January 15, 8:00PM-8:15PM ET",price_change,DOWN,0.65,41.39,0.65,0.66
2026-01-16 09:02:21,759,"Bitcoin Up or Down - January 15, 8:00PM-8:15PM ET",price_change,UP,0.34,240.13,0.34,0.35
2026-01-16 09:02:22,758,"Bitcoin Up or Down - January 15, 8:00PM-8:15PM ET",price_change,DOWN,0.63,141.92,0.64,0.65
2026-01-16 09:02:22,758,"Bitcoin Up or Down - January 15, 8:00PM-8:15PM ET",price_change,UP,0.29,527,0.35,0.36
2026-01-16 09:02:23,757,"Bitcoin Up or Down - January 15, 8:00PM-8:15PM ET",price_change,DOWN,0.63,166.86,0.63,0.64
2026-01-16 09:02:23,757,"Bitcoin Up or Down - January 15, 8:00PM-8:15PM ET",price_change,UP,0.36,271.87,0.36,0.37
2026-01-16 09:02:24,756,"Bitcoin Up or Down - January 15, 8:00PM-8:15PM ET",price_change,DOWN,0.61,397.19,0.63,0.64
2026-01-16 09:02:24,756,"Bitcoin Up or Down - January 15, 8:00PM-8:15PM ET",price_change,UP,0.36,279.75,0.36,0.37
2026-01-16 09:02:25,755,"Bitcoin Up or Down - January 15, 8:00PM-8:15PM ET",price_change,DOWN,0.49,406,0.63,0.64
2026-01-16 09:02:25,755,"Bitcoin Up or Down - January 15, 8:00PM-8:15PM ET",price_change,UP,0.34,84.13,0.36,0.37
2026-01-16 09:02:26,754,"Bitcoin Up or Down - January 15, 8:00PM-8:15PM ET",price_change,DOWN,0.48,1055.91,0.63,0.64
2026-01-16 09:02:26,754,"Bitcoin Up or Down - January 15, 8:00PM-8:15PM ET",price_change,UP,0.33,330.14,0.36,0.37
2026-01-16 09:02:27,753,"Bitcoin Up or Down - January 15, 8:00PM-8:15PM ET",price_change,UP,0.32,315.64,0.37,0.38
2026-01-16 09:02:27,753,"Bitcoin Up or Down - January 15, 8:00PM-8:15PM ET",price_change,DOWN,0.61,549.11,0.62,0.63
2026-01-16 09:02:28,752,"Bitcoin Up or Down - January 15, 8:00PM-8:15PM ET",price_change,DOWN,0.61,628.11,0.62,0.63
2026-01-16 09:02:28,752,"Bitcoin Up or Down - January 15, 8:00PM-8:15PM ET",price_change,UP,0.32,310.64,0.37,0.38
2026-01-16 09:02:29,751,"Bitcoin Up or Down - January 15, 8:00PM-8:15PM ET",price_change,DOWN,0.61,577.47,0.63,0.64
2026-01-16 09:02:29,751,"Bitcoin Up or Down - January 15, 8:00PM-8:15PM ET",price_change,UP,0.32,310.64,0.36,0.37
2026-01-16 09:02:30,750,"Bitcoin Up or Down - January 15, 8:00PM-8:15PM ET",price_change,DOWN,0.62,291.84,0.63,0.64
2026-01-16 09:02:30,750,"Bitcoin Up or Down - January 15, 8:00PM-8:15PM ET",price_change,UP,0.35,275,0.36,0.37
2026-01-16 09:02:31,749,"Bitcoin Up or Down - January 15, 8:00PM-8:15PM ET",price_change,DOWN,0.48,1050.91,0.62,0.64
2026-01-16 09:02:31,749,"Bitcoin Up or Down - January 15, 8:00PM-8:15PM ET",price_change,UP,0.35,180,0.36,0.38
2026-01-16 09:02:32,748,"Bitcoin Up or Down - January 15, 8:00PM-8:15PM ET",price_change,DOWN,0.61,421.19,0.63,0.64
2026-01-16 09:02:32,748,"Bitcoin Up or Down - January 15, 8:00PM-8:15PM ET",price_change,UP,0.32,315.64,0.36,0.37
2026-01-16 09:02:33,747,"Bitcoin Up or Down - January 15, 8:00PM-8:15PM ET",price_change,UP,0.32,320.64,0.36,0.37
2026-01-16 09:02:33,747,"Bitcoin Up or Down - January 15, 8:00PM-8:15PM ET",price_change,DOWN,0.61,441.19,0.63,0.64
2026-01-16 09:02:34,746,"Bitcoin Up or Down - January 15, 8:00PM-8:15PM ET",price_change,DOWN,0.61,466.19,0.62,0.63
2026-01-16 09:02:34,746,"Bitcoin Up or Down - January 15, 8:00PM-8:15PM ET",price_change,UP,0.36,221,0.37,0.38
2026-01-16 09:02:35,745,"Bitcoin Up or Down - January 15, 8:00PM-8:15PM ET",price_change,DOWN,0.61,456.19,0.62,0.64
2026-01-16 09:02:35,745,"Bitcoin Up or Down - January 15, 8:00PM-8:15PM ET",price_change,UP,0.34,201,0.36,0.38
2026-01-16 09:02:36,744,"Bitcoin Up or Down - January 15, 8:00PM-8:15PM ET",price_change,DOWN,0.61,506.58,0.62,0.64
2026-01-16 09:02:36,744,"Bitcoin Up or Down - January 15, 8:00PM-8:15PM ET",price_change,UP,0.32,317.96,0.36,0.38
2026-01-16 09:02:37,743,"Bitcoin Up or Down - January 15, 8:00PM-8:15PM ET",price_change,DOWN,0.63,229.12,0.63,0.64
2026-01-16 09:02:37,743,"Bitcoin Up or Down - January 15, 8:00PM-8:15PM ET",price_change,UP,0.34,201,0.36,0.37
2026-01-16 09:02:38,742,"Bitcoin Up or Down - January 15, 8:00PM-8:15PM ET",price_change,DOWN,0.62,408.13,0.63,0.64
2026-01-16 09:02:38,742,"Bitcoin Up or Down - January 15, 8:00PM-8:15PM ET",price_change,UP,0.35,175,0.36,0.37
2026-01-16 09:02:39,741,"Bitcoin Up or Down - January 15, 8:00PM-8:15PM ET",price_change,UP,0.34,131,0.36,0.37
2026-01-16 09:02:39,741,"Bitcoin Up or Down - January 15, 8:00PM-8:15PM ET",price_change,DOWN,0.48,555.36,0.63,0.64
2026-01-16 09:02:40,740,"Bitcoin Up or Down - January 15, 8:00PM-8:15PM ET",price_change,DOWN,0.61,518.5,0.63,0.64
2026-01-16 09:02:40,740,"Bitcoin Up or Down - January 15, 8:00PM-8:15PM ET",price_change,UP,0.33,285.15,0.36,0.37
2026-01-16 09:02:41,739,"Bitcoin Up or Down - January 15, 8:00PM-8:15PM ET",price_change,UP,0.33,319.15,0.36,0.37
2026-01-16 09:02:41,739,"Bitcoin Up or Down - January 15, 8:00PM-8:15PM ET",price_change,DOWN,0.61,533.5,0.63,0.64
2026-01-16 09:02:42,738,"Bitcoin Up or Down - January 15, 8:00PM-8:15PM ET",price_change,DOWN,0.62,319.85,0.63,0.64
2026-01-16 09:02:42,738,"Bitcoin Up or Down - January 15, 8:00PM-8:15PM ET",price_change,UP,0.32,322.96,0.36,0.37
2026-01-16 09:02:43,737,"Bitcoin Up or Down - January 15, 8:00PM-8:15PM ET",price_change,UP,0.36,830.55,0.36,0.37
2026-01-16 09:02:43,737,"Bitcoin Up or Down - January 15, 8:00PM-8:15PM ET",price_change,DOWN,0.48,581.22,0.63,0.64
2026-01-16 09:02:44,736,"Bitcoin Up or Down - January 15, 8:00PM-8:15PM ET",price_change,DOWN,0.61,518.11,0.63,0.64
2026-01-16 09:02:44,736,"Bitcoin Up or Down - January 15, 8:00PM-8:15PM ET",price_change,UP,0.32,322.96,0.36,0.37
2026-01-16 09:02:45,735,"Bitcoin Up or Down - January 15, 8:00PM-8:15PM ET",price_change,DOWN,0.61,496.19,0.62,0.63
2026-01-16 09:02:45,735,"Bitcoin Up or Down - January 15, 8:00PM-8:15PM ET",price_change,UP,0.32,317.96,0.37,0.38
2026-01-16 09:02:46,734,"Bitcoin Up or Down - January 15, 8:00PM-8:15PM ET",price_change,UP,0.32,312.96,0.36,0.37
2026-01-16 09:02:46,734,"Bitcoin Up or Down - January 15, 8:00PM-8:15PM ET",price_change,DOWN,0.61,441.58,0.63,0.64
2026-01-16 09:02:47,733,"Bitcoin Up or Down - January 15, 8:00PM-8:15PM ET",price_change,DOWN,0.39,191,0.63,0.64
2026-01-16 09:02:47,733,"Bitcoin Up or Down - January 15, 8:00PM-8:15PM ET",price_change,UP,0.36,802.53,0.36,0.37
2026-01-16 09:02:48,732,"Bitcoin Up or Down - January 15, 8:00PM-8:15PM ET",price_change,DOWN,0.62,254.99,0.63,0.64
2026-01-16 09:02:48,732,"Bitcoin Up or Down - January 15, 8:00PM-8:15PM ET",price_change,UP,0.26,374,0.36,0.37
2026-01-16 09:02:49,731,"Bitcoin Up or Down - January 15, 8:00PM-8:15PM ET",price_change,DOWN,0.63,173.14,0.63,0.64
2026-01-16 09:02:49,731,"Bitcoin Up or Down - January 15, 8:00PM-8:15PM ET",price_change,UP,0.33,339.15,0.36,0.37
2026-01-16 09:02:50,730,"Bitcoin Up or Down - January 15, 8:00PM-8:15PM ET",price_change,UP,0.36,372.23,0.36,0.38
2026-01-16 09:02:50,730,"Bitcoin Up or Down - January 15, 8:00PM-8:15PM ET",price_change,DOWN,0.61,446.58,0.62,0.64
2026-01-16 09:02:51,729,"Bitcoin Up or Down - January 15, 8:00PM-8:15PM ET",price_change,UP,0.37,126,0.37,0.38
2026-01-16 09:02:51,729,"Bitcoin Up or Down - January 15, 8:00PM-8:15PM ET",price_change,DOWN,0.48,660.36,0.62,0.63
2026-01-16 09:02:52,728,"Bitcoin Up or Down - January 15, 8:00PM-8:15PM ET",price_change,UP,0.09,215.55,0.37,0.38
2026-01-16 09:02:52,728,"Bitcoin Up or Down - January 15, 8:00PM-8:15PM ET",price_change,DOWN,0.61,520.58,0.62,0.63
2026-01-16 09:02:53,727,"Bitcoin Up or Down - January 15, 8:00PM-8:15PM ET",price_change,DOWN,0.62,236.65,0.62,0.63
2026-01-16 09:02:53,727,"Bitcoin Up or Down - January 15, 8:00PM-8:15PM ET",price_change,UP,0.37,92.22,0.37,0.38
2026-01-16 09:02:54,726,"Bitcoin Up or Down - January 15, 8:00PM-8:15PM ET",price_change,UP,0.33,436.15,0.37,0.38
2026-01-16 09:02:54,726,"Bitcoin Up or Down - January 15, 8:00PM-8:15PM ET",price_change,DOWN,0.57,463.92,0.62,0.63
2026-01-16 09:02:55,725,"Bitcoin Up or Down - January 15, 8:00PM-8:15PM ET",price_change,DOWN,0.55,810.65,0.59,0.6
2026-01-16 09:02:55,725,"Bitcoin Up or Down - January 15, 8:00PM-8:15PM ET",price_change,UP,0.13,85.69,0.4,0.41
2026-01-16 09:02:56,724,"Bitcoin Up or Down - January 15, 8:00PM-8:15PM ET",price_change,DOWN,0.58,115.92,0.58,0.59
2026-01-16 09:02:56,724,"Bitcoin Up or Down - January 15, 8:00PM-8:15PM ET",price_change,UP,0.32,446.28,0.41,0.42
2026-01-16 09:02:57,723,"Bitcoin Up or Down - January 15, 8:00PM-8:15PM ET",price_change,DOWN,0.48,610.36,0.57,0.58
2026-01-16 09:02:57,723,"Bitcoin Up or Down - January 15, 8:00PM-8:15PM ET",price_change,UP,0.4,279.47,0.42,0.43
2026-01-16 09:02:58,722,"Bitcoin Up or Down - January 15, 8:00PM-8:15PM ET",price_change,UP,0.4,314.47,0.41,0.42
2026-01-16 09:02:58,722,"Bitcoin Up or Down - January 15, 8:00PM-8:15PM ET",price_change,DOWN,0.48,641.22,0.58,0.59
2026-01-16 09:02:59,721,"Bitcoin Up or Down - January 15, 8:00PM-8:15PM ET",price_change,DOWN,0.56,234,0.58,0.59
2026-01-16 09:02:59,721,"Bitcoin Up or Down - January 15, 8:00PM-8:15PM ET",price_change,UP,0.37,368.57,0.41,0.42
2026-01-16 09:03:00,720,"Bitcoin Up or Down - January 15, 8:00PM-8:15PM ET",price_change,DOWN,0.48,605.36,0.58,0.59
2026-01-16 09:03:00,720,"Bitcoin Up or Down - January 15, 8:00PM-8:15PM ET",price_change,UP,0.39,139.84,0.41,0.42
2026-01-16 09:03:01,719,"Bitcoin Up or Down - January 15, 8:00PM-8:15PM ET",price_change,DOWN,0.55,1464.65,0.57,0.58
2026-01-16 09:03:01,719,"Bitcoin Up or Down - January 15, 8:00PM-8:15PM ET",price_change,UP,0.4,428.23,0.42,0.43
2026-01-16 09:03:02,718,"Bitcoin Up or Down - January 15, 8:00PM-8:15PM ET",price_change,UP,0.41,170,0.42,0.43
2026-01-16 09:03:02,718,"Bitcoin Up or Down - January 15, 8:00PM-8:15PM ET",price_change,DOWN,0.55,1391.65,0.57,0.58
2026-01-16 09:03:03,717,"Bitcoin Up or Down - January 15, 8:00PM-8:15PM ET",price_change,UP,0.17,190.88,0.42,0.43
2026-01-16 09:03:03,717,"Bitcoin Up or Down - January 15, 8:00PM-8:15PM ET",price_change,DOWN,0.57,211.28,0.57,0.58
2026-01-16 09:03:04,716,"Bitcoin Up or Down - January 15, 8:00PM-8:15PM ET",price_change,DOWN,0.48,635.36,0.57,0.58
2026-01-16 09:03:04,716,"Bitcoin Up or Down - January 15, 8:00PM-8:15PM ET",price_change,UP,0.42,52.28,0.42,0.43
2026-01-16 09:03:05,715,"Bitcoin Up or Down - January 15, 8:00PM-8:15PM ET",price_change,DOWN,0.55,1439.65,0.57,0.58
2026-01-16 09:03:05,715,"Bitcoin Up or Down - January 15, 8:00PM-8:15PM ET",price_change,UP,0.41,213.84,0.42,0.43
2026-01-16 09:03:06,714,"Bitcoin Up or Down - January 15, 8:00PM-8:15PM ET",price_change,UP,0.42,194,0.42,0.43
2026-01-16 09:03:06,714,"Bitcoin Up or Down - January 15, 8:00PM-8:15PM ET",price_change,DOWN,0.54,674.17,0.57,0.58
2026-01-16 09:03:07,713,"Bitcoin Up or Down - January 15, 8:00PM-8:15PM ET",price_change,DOWN,0.57,77.92,0.57,0.58
2026-01-16 09:03:07,713,"Bitcoin Up or Down - January 15, 8:00PM-8:15PM ET",price_change,UP,0.39,1026,0.42,0.43
2026-01-16 09:03:08,712,"Bitcoin Up or Down - January 15, 8:00PM-8:15PM ET",price_change,UP,0.11,100.73,0.42,0.43
2026-01-16 09:03:08,712,"Bitcoin Up or Down - January 15, 8:00PM-8:15PM ET",price_change,DOWN,0.57,150.92,0.57,0.58
2026-01-16 09:03:09,711,"Bitcoin Up or Down - January 15, 8:00PM-8:15PM ET",price_change,DOWN,0.55,1403.73,0.57,0.59
2026-01-16 09:03:09,711,"Bitcoin Up or Down - January 15, 8:00PM-8:15PM ET",price_change,UP,0.38,371.07,0.41,0.43
2026-01-16 09:03:10,710,"Bitcoin Up or Down - January 15, 8:00PM-8:15PM ET",price_change,DOWN,0.55,1364.73,0.57,0.58
2026-01-16 09:03:10,710,"Bitcoin Up or Down - January 15, 8:00PM-8:15PM ET",price_change,UP,0.38,366.07,0.42,0.43
2026-01-16 09:03:11,709,"Bitcoin Up or Down - January 15, 8:00PM-8:15PM ET",price_change,UP,0.38,361.07,0.42,0.43
2026-01-16 09:03:11,709,"Bitcoin Up or Down - January 15, 8:00PM-8:15PM ET",price_change,DOWN,0.55,1398.73,0.57,0.58
2026-01-16 09:03:12,708,"Bitcoin Up or Down - January 15, 8:00PM-8:15PM ET",price_change,UP,0.39,1065,0.42,0.43
2026-01-16 09:03:12,708,"Bitcoin Up or Down - January 15, 8:00PM-8:15PM ET",price_change,DOWN,0.55,1389.73,0.57,0.58
2026-01-16 09:03:13,707,"Bitcoin Up or Down - January 15, 8:00PM-8:15PM ET",price_change,DOWN,0.55,1359.73,0.57,0.58
2026-01-16 09:03:13,707,"Bitcoin Up or Down - January 15, 8:00PM-8:15PM ET",price_change,UP,0.27,430.51,0.42,0.43
2026-01-16 09:03:14,706,"Bitcoin Up or Down - January 15, 8:00PM-8:15PM ET",price_change,UP,0.39,1070,0.41,0.43
2026-01-16 09:03:14,706,"Bitcoin Up or Down - January 15, 8:00PM-8:15PM ET",price_change,DOWN,0.55,1388.73,0.57,0.59
2026-01-16 09:03:15,705,"Bitcoin Up or Down - January 15, 8:00PM-8:15PM ET",price_change,DOWN,0.57,494.48,0.57,0.59
2026-01-16 09:03:15,705,"Bitcoin Up or Down - January 15, 8:00PM-8:15PM ET",price_change,UP,0.39,1070,0.41,0.43
2026-01-16 09:03:16,704,"Bitcoin Up or Down - January 15, 8:00PM-8:15PM ET",price_change,DOWN,0.57,469.48,0.57,0.59
2026-01-16 09:03:16,704,"Bitcoin Up or Down - January 15, 8:00PM-8:15PM ET",price_change,UP,0.39,1056,0.41,0.43
2026-01-16 09:03:17,703,"Bitcoin Up or Down - January 15, 8:00PM-8:15PM ET",price_change,UP,0.31,429.32,0.41,0.43
2026-01-16 09:03:17,703,"Bitcoin Up or Down - January 15, 8:00PM-8:15PM ET",price_change,DOWN,0.55,1359.73,0.57,0.59
2026-01-16 09:03:18,702,"Bitcoin Up or Down - January 15, 8:00PM-8:15PM ET",price_change,UP,0.27,430.51,0.42,0.43
2026-01-16 09:03:18,702,"Bitcoin Up or Down - January 15, 8:00PM-8:15PM ET",price_change,DOWN,0.42,256,0.57,0.58
2026-01-16 09:03:19,701,"Bitcoin Up or Down - January 15, 8:00PM-8:15PM ET",price_change,UP,0.4,205.92,0.42,0.43
2026-01-16 09:03:19,701,"Bitcoin Up or Down - January 15, 8:00PM-8:15PM ET",price_change,DOWN,0.51,417,0.57,0.58
2026-01-16 09:03:20,700,"Bitcoin Up or Down - January 15, 8:00PM-8:15PM ET",price_change,DOWN,0.56,694.92,0.58,0.6
2026-01-16 09:03:20,700,"Bitcoin Up or Down - January 15, 8:00PM-8:15PM ET",price_change,UP,0.37,285.24,0.4,0.42
2026-01-16 09:03:21,699,"Bitcoin Up or Down - January 15, 8:00PM-8:15PM ET",price_change,DOWN,0.57,314.93,0.58,0.59
2026-01-16 09:03:21,699,"Bitcoin Up or Down - January 15, 8:00PM-8:15PM ET",price_change,UP,0.37,300.24,0.41,0.42
2026-01-16 09:03:22,698,"Bitcoin Up or Down - January 15, 8:00PM-8:15PM ET",price_change,UP,0.39,896,0.41,0.43
2026-01-16 09:03:22,698,"Bitcoin Up or Down - January 15, 8:00PM-8:15PM ET",price_change,DOWN,0.56,810.92,0.57,0.59
2026-01-16 09:03:23,697,"Bitcoin Up or Down - January 15, 8:00PM-8:15PM ET",price_change,UP,0.38,326.07,0.41,0.42
2026-01-16 09:03:23,697,"Bitcoin Up or Down - January 15, 8:00PM-8:15PM ET",price_change,DOWN,0.57,345.39,0.58,0.59
2026-01-16 09:03:24,696,"Bitcoin Up or Down - January 15, 8:00PM-8:15PM ET",price_change,UP,0.4,292.76,0.41,0.42
2026-01-16 09:03:24,696,"Bitcoin Up or Down - January 15, 8:00PM-8:15PM ET",price_change,DOWN,0.55,1349.73,0.58,0.59
2026-01-16 09:03:25,695,"Bitcoin Up or Down - January 15, 8:00PM-8:15PM ET",price_change,DOWN,0.57,396.31,0.59,0.6
2026-01-16 09:03:25,695,"Bitcoin Up or Down - January 15, 8:00PM-8:15PM ET",price_change,UP,0.37,295.24,0.4,0.41
2026-01-16 09:03:26,694,"Bitcoin Up or Down - January 15, 8:00PM-8:15PM ET",price_change,DOWN,0.55,1426.65,0.59,0.6
2026-01-16 09:03:26,694,"Bitcoin Up or Down - January 15, 8:00PM-8:15PM ET",price_change,UP,0.39,1072,0.4,0.41
2026-01-16 09:03:27,693,"Bitcoin Up or Down - January 15, 8:00PM-8:15PM ET",price_change,DOWN,0.56,500,0.59,0.6
2026-01-16 09:03:27,693,"Bitcoin Up or Down - January 15, 8:00PM-8:15PM ET",price_change,UP,0.37,280.24,0.4,0.41
2026-01-16 09:03:28,692,"Bitcoin Up or Down - January 15, 8:00PM-8:15PM ET",price_change,UP,0.37,280.24,0.4,0.41
2026-01-16 09:03:28,692,"Bitcoin Up or Down - January 15, 8:00PM-8:15PM ET",price_change,DOWN,0.57,566.31,0.59,0.6
2026-01-16 09:03:29,691,"Bitcoin Up or Down - January 15, 8:00PM-8:15PM ET",price_change,UP,0.36,333.24,0.4,0.41
2026-01-16 09:03:29,691,"Bitcoin Up or Down - January 15, 8:00PM-8:15PM ET",price_change,DOWN,0.57,513.31,0.59,0.6
2026-01-16 09:03:30,690,"Bitcoin Up or Down - January 15, 8:00PM-8:15PM ET",price_change,UP,0.36,335.56,0.4,0.41
2026-01-16 09:03:30,690,"Bitcoin Up or Down - January 15, 8:00PM-8:15PM ET",price_change,DOWN,0.57,604.31,0.59,0.6
2026-01-16 09:03:31,689,"Bitcoin Up or Down - January 15, 8:00PM-8:15PM ET",price_change,DOWN,0.57,532.31,0.6,0.61
2026-01-16 09:03:31,689,"Bitcoin Up or Down - January 15, 8:00PM-8:15PM ET",price_change,UP,0.36,330.56,0.39,0.4
2026-01-16 09:03:32,688,"Bitcoin Up or Down - January 15, 8:00PM-8:15PM ET",price_change,UP,0.36,335.56,0.39,0.4
2026-01-16 09:03:32,688,"Bitcoin Up or Down - January 15, 8:00PM-8:15PM ET",price_change,DOWN,0.57,484.31,0.6,0.61
2026-01-16 09:03:33,687,"Bitcoin Up or Down - January 15, 8:00PM-8:15PM ET",price_change,UP,0.39,871,0.4,0.42
2026-01-16 09:03:33,687,"Bitcoin Up or Down - January 15, 8:00PM-8:15PM ET",price_change,DOWN,0.5,443.39,0.58,0.6
2026-01-16 09:03:33,686,"Bitcoin Up or Down - January 15, 8:00PM-8:15PM ET",price_change,UP,0.39,1034.65,0.41,0.42
2026-01-16 09:03:34,686,"Bitcoin Up or Down - January 15, 8:00PM-8:15PM ET",price_change,UP,0.39,1029.65,0.41,0.42
2026-01-16 09:03:34,686,"Bitcoin Up or Down - January 15, 8:00PM-8:15PM ET",price_change,DOWN,0.58,60,0.58,0.59
2026-01-16 09:03:35,685,"Bitcoin Up or Down - January 15, 8:00PM-8:15PM ET",price_change,DOWN,0.58,65,0.58,0.59
2026-01-16 09:03:35,685,"Bitcoin Up or Down - January 15, 8:00PM-8:15PM ET",price_change,UP,0.35,161,0.41,0.42
2026-01-16 09:03:36,684,"Bitcoin Up or Down - January 15, 8:00PM-8:15PM ET",price_change,UP,0.39,1134.57,0.41,0.42
2026-01-16 09:03:36,684,"Bitcoin Up or Down - January 15, 8:00PM-8:15PM ET",price_change,DOWN,0.58,60,0.58,0.59
2026-01-16 09:03:37,683,"Bitcoin Up or Down - January 15, 8:00PM-8:15PM ET",price_change,UP,0.38,329.15,0.41,0.42
2026-01-16 09:03:37,683,"Bitcoin Up or Down - January 15, 8:00PM-8:15PM ET",price_change,DOWN,0.56,180.09,0.58,0.59
2026-01-16 09:03:38,682,"Bitcoin Up or Down - January 15, 8:00PM-8:15PM ET",price_change,DOWN,0.58,55,0.58,0.59
2026-01-16 09:03:38,682,"Bitcoin Up or Down - January 15, 8:00PM-8:15PM ET",price_change,UP,0.38,334.15,0.41,0.42
2026-01-16 09:03:39,681,"Bitcoin Up or Down - January 15, 8:00PM-8:15PM ET",price_change,UP,0.38,309.15,0.41,0.42
2026-01-16 09:03:39,681,"Bitcoin Up or Down - January 15, 8:00PM-8:15PM ET",price_change,DOWN,0.58,47.73,0.58,0.59
2026-01-16 09:03:40,680,"Bitcoin Up or Down - January 15, 8:00PM-8:15PM ET",price_change,UP,0.4,188.65,0.41,0.42
2026-01-16 09:03:40,680,"Bitcoin Up or Down - January 15, 8:00PM-8:15PM ET",price_change,DOWN,0.58,56,0.58,0.59
2026-01-16 09:03:41,679,"Bitcoin Up or Down - January 15, 8:00PM-8:15PM ET",price_change,UP,0.37,348.67,0.41,0.42
2026-01-16 09:03:41,679,"Bitcoin Up or Down - January 15, 8:00PM-8:15PM ET",price_change,DOWN,0.56,231.09,0.58,0.59
2026-01-16 09:03:42,678,"Bitcoin Up or Down - January 15, 8:00PM-8:15PM ET",price_change,UP,0.37,494.67,0.41,0.42
2026-01-16 09:03:42,678,"Bitcoin Up or Down - January 15, 8:00PM-8:15PM ET",price_change,DOWN,0.58,161.92,0.58,0.59
2026-01-16 09:03:43,677,"Bitcoin Up or Down - January 15, 8:00PM-8:15PM ET",price_change,UP,0.37,427.75,0.41,0.42
2026-01-16 09:03:43,677,"Bitcoin Up or Down - January 15, 8:00PM-8:15PM ET",price_change,DOWN,0.56,345.92,0.58,0.59
2026-01-16 09:03:44,676,"Bitcoin Up or Down - January 15, 8:00PM-8:15PM ET",price_change,UP,0.39,1037,0.41,0.42
2026-01-16 09:03:44,676,"Bitcoin Up or Down - January 15, 8:00PM-8:15PM ET",price_change,DOWN,0.58,302.3,0.58,0.59
2026-01-16 09:03:45,675,"Bitcoin Up or Down - January 15, 8:00PM-8:15PM ET",price_change,UP,0.39,1143.92,0.41,0.42
2026-01-16 09:03:45,675,"Bitcoin Up or Down - January 15, 8:00PM-8:15PM ET",price_change,DOWN,0.58,230.3,0.58,0.59
2026-01-16 09:03:46,674,"Bitcoin Up or Down - January 15, 8:00PM-8:15PM ET",price_change,UP,0.37,528.67,0.41,0.42
2026-01-16 09:03:46,674,"Bitcoin Up or Down - January 15, 8:00PM-8:15PM ET",price_change,DOWN,0.58,196.2,0.58,0.59
2026-01-16 09:03:47,673,"Bitcoin Up or Down - January 15, 8:00PM-8:15PM ET",price_change,DOWN,0.58,221.2,0.58,0.59
2026-01-16 09:03:47,673,"Bitcoin Up or Down - January 15, 8:00PM-8:15PM ET",price_change,UP,0.39,1143.92,0.41,0.42
2026-01-16 09:03:48,672,"Bitcoin Up or Down - January 15, 8:00PM-8:15PM ET",price_change,UP,0.39,1262.92,0.41,0.42
2026-01-16 09:03:48,672,"Bitcoin Up or Down - January 15, 8:00PM-8:15PM ET",price_change,DOWN,0.58,287.58,0.58,0.59
2026-01-16 09:03:49,671,"Bitcoin Up or Down - January 15, 8:00PM-8:15PM ET",price_change,DOWN,0.58,289.96,0.58,0.59
2026-01-16 09:03:49,671,"Bitcoin Up or Down - January 15, 8:00PM-8:15PM ET",price_change,UP,0.39,1246.92,0.41,0.42
2026-01-16 09:03:50,670,"Bitcoin Up or Down - January 15, 8:00PM-8:15PM ET",price_change,DOWN,0.42,256,0.58,0.59
2026-01-16 09:03:50,670,"Bitcoin Up or Down - January 15, 8:00PM-8:15PM ET",price_change,UP,0.39,1209.57,0.41,0.42
2026-01-16 09:03:51,669,"Bitcoin Up or Down - January 15, 8:00PM-8:15PM ET",price_change,DOWN,0.58,169.96,0.58,0.59
2026-01-16 09:03:51,669,"Bitcoin Up or Down - January 15, 8:00PM-8:15PM ET",price_change,UP,0.39,1167.92,0.41,0.42
2026-01-16 09:03:52,668,"Bitcoin Up or Down - January 15, 8:00PM-8:15PM ET",price_change,DOWN,0.58,209.96,0.58,0.59
2026-01-16 09:03:52,668,"Bitcoin Up or Down - January 15, 8:00PM-8:15PM ET",price_change,UP,0.39,1143.92,0.41,0.42
2026-01-16 09:03:53,667,"Bitcoin Up or Down - January 15, 8:00PM-8:15PM ET",price_change,UP,0.39,362.57,0.41,0.42
2026-01-16 09:03:53,667,"Bitcoin Up or Down - January 15, 8:00PM-8:15PM ET",price_change,DOWN,0.58,193.96,0.58,0.59
2026-01-16 09:03:54,666,"Bitcoin Up or Down - January 15, 8:00PM-8:15PM ET",price_change,UP,0.15,340.33,0.41,0.42
2026-01-16 09:03:54,666,"Bitcoin Up or Down - January 15, 8:00PM-8:15PM ET",price_change,DOWN,0.17,79.41,0.58,0.59
2026-01-16 09:03:55,665,"Bitcoin Up or Down - January 15, 8:00PM-8:15PM ET",price_change,UP,0.39,2402.57,0.41,0.42
2026-01-16 09:03:55,665,"Bitcoin Up or Down - January 15, 8:00PM-8:15PM ET",price_change,DOWN,0.58,183.96,0.58,0.59
2026-01-16 09:03:56,664,"Bitcoin Up or Down - January 15, 8:00PM-8:15PM ET",price_change,UP,0.31,329.32,0.41,0.42
2026-01-16 09:03:56,664,"Bitcoin Up or Down - January 15, 8:00PM-8:15PM ET",price_change,DOWN,0.42,266,0.58,0.59
2026-01-16 09:03:57,663,"Bitcoin Up or Down - January 15, 8:00PM-8:15PM ET",price_change,UP,0.39,2410.92,0.41,0.42
2026-01-16 09:03:57,663,"Bitcoin Up or Down - January 15, 8:00PM-8:15PM ET",price_change,DOWN,0.58,255,0.58,0.59
2026-01-16 09:03:58,662,"Bitcoin Up or Down - January 15, 8:00PM-8:15PM ET",price_change,DOWN,0.58,169,0.58,0.59
2026-01-16 09:03:58,662,"Bitcoin Up or Down - January 15, 8:00PM-8:15PM ET",price_change,UP,0.39,2392.92,0.41,0.42
2026-01-16 09:03:59,661,"Bitcoin Up or Down - January 15, 8:00PM-8:15PM ET",price_change,DOWN,0.58,204,0.58,0.59
2026-01-16 09:03:59,661,"Bitcoin Up or Down - January 15, 8:00PM-8:15PM ET",price_change,UP,0.39,378.57,0.41,0.42
2026-01-16 09:04:00,660,"Bitcoin Up or Down - January 15, 8:00PM-8:15PM ET",price_change,UP,0.39,378.57,0.41,0.42
2026-01-16 09:04:00,660,"Bitcoin Up or Down - January 15, 8:00PM-8:15PM ET",price_change,DOWN,0.58,169,0.58,0.59
2026-01-16 09:04:01,659,"Bitcoin Up or Down - January 15, 8:00PM-8:15PM ET",price_change,UP,0.39,384.57,0.41,0.42
2026-01-16 09:04:01,659,"Bitcoin Up or Down - January 15, 8:00PM-8:15PM ET",price_change,DOWN,0.05,493,0.58,0.59
2026-01-16 09:04:01,658,"Bitcoin Up or Down - January 15, 8:00PM-8:15PM ET",price_change,DOWN,0.58,236,0.58,0.59
2026-01-16 09:04:01,658,"Bitcoin Up or Down - January 15, 8:00PM-8:15PM ET",price_change,UP,0.39,379.57,0.41,0.44
2026-01-16 09:04:02,658,"Bitcoin Up or Down - January 15, 8:00PM-8:15PM ET",price_change,UP,0.39,368.57,0.41,0.43
2026-01-16 09:04:02,658,"Bitcoin Up or Down - January 15, 8:00PM-8:15PM ET",price_change,DOWN,0.57,112,0.57,0.59
2026-01-16 09:04:03,657,"Bitcoin Up or Down - January 15, 8:00PM-8:15PM ET",price_change,UP,0.39,388.57,0.42,0.43
2026-01-16 09:04:03,657,"Bitcoin Up or Down - January 15, 8:00PM-8:15PM ET",price_change,DOWN,0.52,488.92,0.57,0.58
2026-01-16 09:04:04,656,"Bitcoin Up or Down - January 15, 8:00PM-8:15PM ET",price_change,DOWN,0.57,152,0.57,0.58
2026-01-16 09:04:04,656,"Bitcoin Up or Down - January 15, 8:00PM-8:15PM ET",price_change,UP,0.42,80.11,0.42,0.43
2026-01-16 09:04:05,655,"Bitcoin Up or Down - January 15, 8:00PM-8:15PM ET",price_change,DOWN,0.57,184.67,0.57,0.58
2026-01-16 09:04:05,655,"Bitcoin Up or Down - January 15, 8:00PM-8:15PM ET",price_change,UP,0.39,367.92,0.42,0.43
2026-01-16 09:04:06,654,"Bitcoin Up or Down - January 15, 8:00PM-8:15PM ET",price_change,UP,0.42,114.76,0.42,0.43
2026-01-16 09:04:06,654,"Bitcoin Up or Down - January 15, 8:00PM-8:15PM ET",price_change,DOWN,0.54,453.08,0.57,0.58
2026-01-16 09:04:07,653,"Bitcoin Up or Down - January 15, 8:00PM-8:15PM ET",price_change,DOWN,0.1,278,0.57,0.58
2026-01-16 09:04:07,653,"Bitcoin Up or Down - January 15, 8:00PM-8:15PM ET",price_change,UP,0.1,238,0.42,0.43
2026-01-16 09:04:08,652,"Bitcoin Up or Down - January 15, 8:00PM-8:15PM ET",price_change,UP,0.37,489.67,0.41,0.42
2026-01-16 09:04:08,652,"Bitcoin Up or Down - January 15, 8:00PM-8:15PM ET",price_change,DOWN,0.58,20,0.58,0.59
2026-01-16 09:04:09,651,"Bitcoin Up or Down - January 15, 8:00PM-8:15PM ET",price_change,UP,0.37,494.67,0.41,0.42
2026-01-16 09:04:09,651,"Bitcoin Up or Down - January 15, 8:00PM-8:15PM ET",price_change,DOWN,0.58,331.37,0.58,0.59
2026-01-16 09:04:10,650,"Bitcoin Up or Down - January 15, 8:00PM-8:15PM ET",price_change,DOWN,0.58,326.05,0.58,0.59
2026-01-16 09:04:10,650,"Bitcoin Up or Down - January 15, 8:00PM-8:15PM ET",price_change,UP,0.37,494.67,0.41,0.42
2026-01-16 09:04:11,649,"Bitcoin Up or Down - January 15, 8:00PM-8:15PM ET",price_change,UP,0.37,494.67,0.41,0.42
2026-01-16 09:04:11,649,"Bitcoin Up or Down - January 15, 8:00PM-8:15PM ET",price_change,DOWN,0.55,438.55,0.58,0.59
2026-01-16 09:04:12,648,"Bitcoin Up or Down - January 15, 8:00PM-8:15PM ET",price_change,UP,0.37,494.67,0.41,0.42
2026-01-16 09:04:12,648,"Bitcoin Up or Down - January 15, 8:00PM-8:15PM ET",price_change,DOWN,0.58,441.89,0.58,0.59
2026-01-16 09:04:13,647,"Bitcoin Up or Down - January 15, 8:00PM-8:15PM ET",price_change,UP,0.37,494.67,0.41,0.42
2026-01-16 09:04:13,647,"Bitcoin Up or Down - January 15, 8:00PM-8:15PM ET",price_change,DOWN,0.58,436.89,0.58,0.59
2026-01-16 09:04:14,646,"Bitcoin Up or Down - January 15, 8:00PM-8:15PM ET",price_change,UP,0.15,356.33,0.41,0.42
2026-01-16 09:04:14,646,"Bitcoin Up or Down - January 15, 8:00PM-8:15PM ET",price_change,DOWN,0.58,450.89,0.58,0.59
2026-01-16 09:04:15,645,"Bitcoin Up or Down - January 15, 8:00PM-8:15PM ET",price_change,DOWN,0.58,402.89,0.58,0.59
2026-01-16 09:04:15,645,"Bitcoin Up or Down - January 15, 8:00PM-8:15PM ET",price_change,UP,0.37,540.67,0.41,0.42
2026-01-16 09:04:16,644,"Bitcoin Up or Down - January 15, 8:00PM-8:15PM ET",price_change,DOWN,0.58,402.89,0.58,0.59
2026-01-16 09:04:16,644,"Bitcoin Up or Down - January 15, 8:00PM-8:15PM ET",price_change,UP,0.37,540.67,0.41,0.42
2026-01-16 09:04:17,643,"Bitcoin Up or Down - January 15, 8:00PM-8:15PM ET",price_change,DOWN,0.58,348.89,0.58,0.59
2026-01-16 09:04:17,643,"Bitcoin Up or Down - January 15, 8:00PM-8:15PM ET",price_change,UP,0.37,535.67,0.41,0.42
2026-01-16 09:04:18,642,"Bitcoin Up or Down - January 15, 8:00PM-8:15PM ET",price_change,UP,0.38,341.07,0.4,0.41
2026-01-16 09:04:18,642,"Bitcoin Up or Down - January 15, 8:00PM-8:15PM ET",price_change,DOWN,0.58,403.89,0.58,0.6
2026-01-16 09:04:19,641,"Bitcoin Up or Down - January 15, 8:00PM-8:15PM ET",price_change,DOWN,0.59,97,0.59,0.6
2026-01-16 09:04:19,641,"Bitcoin Up or Down - January 15, 8:00PM-8:15PM ET",price_change,UP,0.36,507.84,0.4,0.41
2026-01-16 09:04:20,640,"Bitcoin Up or Down - January 15, 8:00PM-8:15PM ET",price_change,UP,0.36,512.84,0.4,0.41
2026-01-16 09:04:20,640,"Bitcoin Up or Down - January 15, 8:00PM-8:15PM ET",price_change,DOWN,0.56,407.92,0.59,0.6
2026-01-16 09:04:20,639,"Bitcoin Up or Down - January 15, 8:00PM-8:15PM ET",price_change,UP,0.38,365.07,0.4,0.41
2026-01-16 09:04:20,639,"Bitcoin Up or Down - January 15, 8:00PM-8:15PM ET",price_change,DOWN,0.56,373.92,0.59,0.6
2026-01-16 09:04:21,639,"Bitcoin Up or Down - January 15, 8:00PM-8:15PM ET",price_change,UP,0.36,546.84,0.4,0.41
2026-01-16 09:04:21,639,"Bitcoin Up or Down - January 15, 8:00PM-8:15PM ET",price_change,DOWN,0.58,514.89,0.59,0.6
2026-01-16 09:04:22,638,"Bitcoin Up or Down - January 15, 8:00PM-8:15PM ET",price_change,UP,0.36,556.84,0.4,0.41
2026-01-16 09:04:22,638,"Bitcoin Up or Down - January 15, 8:00PM-8:15PM ET",price_change,DOWN,0.57,157.44,0.59,0.6
2026-01-16 09:04:23,637,"Bitcoin Up or Down - January 15, 8:00PM-8:15PM ET",price_change,DOWN,0.59,64.24,0.59,0.6
2026-01-16 09:04:23,637,"Bitcoin Up or Down - January 15, 8:00PM-8:15PM ET",price_change,UP,0.36,561.84,0.4,0.41
2026-01-16 09:04:24,636,"Bitcoin Up or Down - January 15, 8:00PM-8:15PM ET",price_change,UP,0.36,571.84,0.4,0.41
2026-01-16 09:04:24,636,"Bitcoin Up or Down - January 15, 8:00PM-8:15PM ET",price_change,DOWN,0.59,120.94,0.59,0.6
2026-01-16 09:04:25,635,"Bitcoin Up or Down - January 15, 8:00PM-8:15PM ET",price_change,UP,0.36,576.84,0.4,0.41
2026-01-16 09:04:25,635,"Bitcoin Up or Down - January 15, 8:00PM-8:15PM ET",price_change,DOWN,0.59,130.94,0.59,0.6
2026-01-16 09:04:26,634,"Bitcoin Up or Down - January 15, 8:00PM-8:15PM ET",price_change,UP,0.36,571.84,0.4,0.41
2026-01-16 09:04:26,634,"Bitcoin Up or Down - January 15, 8:00PM-8:15PM ET",price_change,DOWN,0.57,37.44,0.59,0.6
2026-01-16 09:04:27,633,"Bitcoin Up or Down - January 15, 8:00PM-8:15PM ET",price_change,DOWN,0.59,96.31,0.59,0.6
2026-01-16 09:04:27,633,"Bitcoin Up or Down - January 15, 8:00PM-8:15PM ET",price_change,UP,0.3,363.26,0.4,0.41
2026-01-16 09:04:28,632,"Bitcoin Up or Down - January 15, 8:00PM-8:15PM ET",price_change,DOWN,0.57,187.44,0.58,0.59
2026-01-16 09:04:28,632,"Bitcoin Up or Down - January 15, 8:00PM-8:15PM ET",price_change,UP,0.36,547.84,0.41,0.42
2026-01-16 09:04:29,631,"Bitcoin Up or Down - January 15, 8:00PM-8:15PM ET",price_change,UP,0.35,314.32,0.41,0.42
2026-01-16 09:04:29,631,"Bitcoin Up or Down - January 15, 8:00PM-8:15PM ET",price_change,DOWN,0.57,183.44,0.58,0.59
2026-01-16 09:04:30,630,"Bitcoin Up or Down - January 15, 8:00PM-8:15PM ET",price_change,DOWN,0.57,104.44,0.58,0.59
2026-01-16 09:04:30,630,"Bitcoin Up or Down - January 15, 8:00PM-8:15PM ET",price_change,UP,0.36,537.84,0.41,0.42
2026-01-16 09:04:31,629,"Bitcoin Up or Down - January 15, 8:00PM-8:15PM ET",price_change,DOWN,0.57,243.44,0.58,0.59
2026-01-16 09:04:31,629,"Bitcoin Up or Down - January 15, 8:00PM-8:15PM ET",price_change,UP,0.36,522.84,0.41,0.42
2026-01-16 09:04:32,628,"Bitcoin Up or Down - January 15, 8:00PM-8:15PM ET",price_change,DOWN,0.58,380.92,0.58,0.59
2026-01-16 09:04:32,628,"Bitcoin Up or Down - January 15, 8:00PM-8:15PM ET",price_change,UP,0.36,534.84,0.41,0.42
2026-01-16 09:04:33,627,"Bitcoin Up or Down - January 15, 8:00PM-8:15PM ET",price_change,DOWN,0.58,397.92,0.58,0.59
2026-01-16 09:04:33,627,"Bitcoin Up or Down - January 15, 8:00PM-8:15PM ET",price_change,UP,0.35,314.32,0.41,0.42
2026-01-16 09:04:34,626,"Bitcoin Up or Down - January 15, 8:00PM-8:15PM ET",price_change,DOWN,0.58,457.14,0.58,0.59
2026-01-16 09:04:34,626,"Bitcoin Up or Down - January 15, 8:00PM-8:15PM ET",price_change,UP,0.4,2076.07,0.41,0.42
2026-01-16 09:04:35,625,"Bitcoin Up or Down - January 15, 8:00PM-8:15PM ET",price_change,DOWN,0.58,618.17,0.58,0.59
2026-01-16 09:04:35,625,"Bitcoin Up or Down - January 15, 8:00PM-8:15PM ET",price_change,UP,0.35,421.24,0.41,0.42
2026-01-16 09:04:36,624,"Bitcoin Up or Down - January 15, 8:00PM-8:15PM ET",price_change,UP,0.35,421.24,0.41,0.42
2026-01-16 09:04:36,624,"Bitcoin Up or Down - January 15, 8:00PM-8:15PM ET",price_change,DOWN,0.58,603.17,0.58,0.59
2026-01-16 09:04:37,623,"Bitcoin Up or Down - January 15, 8:00PM-8:15PM ET",price_change,DOWN,0.58,603.17,0.58,0.59
2026-01-16 09:04:37,623,"Bitcoin Up or Down - January 15, 8:00PM-8:15PM ET",price_change,UP,0.35,421.24,0.41,0.42
2026-01-16 09:04:38,622,"Bitcoin Up or Down - January 15, 8:00PM-8:15PM ET",price_change,UP,0.35,421.24,0.41,0.42
2026-01-16 09:04:38,622,"Bitcoin Up or Down - January 15, 8:00PM-8:15PM ET",price_change,DOWN,0.58,608.17,0.58,0.59
2026-01-16 09:04:39,621,"Bitcoin Up or Down - January 15, 8:00PM-8:15PM ET",price_change,DOWN,0.58,573.14,0.58,0.59
2026-01-16 09:04:39,621,"Bitcoin Up or Down - January 15, 8:00PM-8:15PM ET",price_change,UP,0.35,421.24,0.41,0.42
2026-01-16 09:04:40,620,"Bitcoin Up or Down - January 15, 8:00PM-8:15PM ET",price_change,UP,0.12,156.65,0.41,0.42
2026-01-16 09:04:40,620,"Bitcoin Up or Down - January 15, 8:00PM-8:15PM ET",price_change,DOWN,0.58,590.14,0.58,0.59
2026-01-16 09:04:41,619,"Bitcoin Up or Down - January 15, 8:00PM-8:15PM ET",price_change,UP,0.35,421.24,0.41,0.42
2026-01-16 09:04:41,619,"Bitcoin Up or Down - January 15, 8:00PM-8:15PM ET",price_change,DOWN,0.58,620.17,0.58,0.59
2026-01-16 09:04:42,618,"Bitcoin Up or Down - January 15, 8:00PM-8:15PM ET",price_change,DOWN,0.59,0,0.58,0.6
2026-01-16 09:04:42,618,"Bitcoin Up or Down - January 15, 8:00PM-8:15PM ET",price_change,UP,0.35,421.24,0.4,0.42
2026-01-16 09:04:43,617,"Bitcoin Up or Down - January 15, 8:00PM-8:15PM ET",price_change,UP,0.35,421.24,0.4,0.41
2026-01-16 09:04:43,617,"Bitcoin Up or Down - January 15, 8:00PM-8:15PM ET",price_change,DOWN,0.58,536.92,0.59,0.6
2026-01-16 09:04:44,616,"Bitcoin Up or Down - January 15, 8:00PM-8:15PM ET",price_change,DOWN,0.58,346.89,0.6,0.61
2026-01-16 09:04:44,616,"Bitcoin Up or Down - January 15, 8:00PM-8:15PM ET",price_change,UP,0.39,2398.11,0.39,0.4
2026-01-16 09:04:45,615,"Bitcoin Up or Down - January 15, 8:00PM-8:15PM ET",price_change,DOWN,0.6,107,0.6,0.61
2026-01-16 09:04:45,615,"Bitcoin Up or Down - January 15, 8:00PM-8:15PM ET",price_change,UP,0.35,426.24,0.39,0.4
2026-01-16 09:04:46,614,"Bitcoin Up or Down - January 15, 8:00PM-8:15PM ET",price_change,UP,0.36,596.89,0.39,0.4
2026-01-16 09:04:46,614,"Bitcoin Up or Down - January 15, 8:00PM-8:15PM ET",price_change,DOWN,0.6,1180,0.6,0.61
2026-01-16 09:04:47,613,"Bitcoin Up or Down - January 15, 8:00PM-8:15PM ET",price_change,DOWN,0.42,266,0.58,0.59
2026-01-16 09:04:47,613,"Bitcoin Up or Down - January 15, 8:00PM-8:15PM ET",price_change,UP,0.41,646.62,0.41,0.42
2026-01-16 09:04:48,612,"Bitcoin Up or Down - January 15, 8:00PM-8:15PM ET",price_change,UP,0.35,331.64,0.46,0.47
2026-01-16 09:04:48,612,"Bitcoin Up or Down - January 15, 8:00PM-8:15PM ET",price_change,DOWN,0.53,48.61,0.53,0.54
2026-01-16 09:04:49,611,"Bitcoin Up or Down - January 15, 8:00PM-8:15PM ET",price_change,UP,0.46,99.43,0.46,0.47
2026-01-16 09:04:49,611,"Bitcoin Up or Down - January 15, 8:00PM-8:15PM ET",price_change,DOWN,0.52,183.17,0.52,0.54
2026-01-16 09:04:49,610,"Bitcoin Up or Down - January 15, 8:00PM-8:15PM ET",price_change,DOWN,0.52,45,0.54,0.55
2026-01-16 09:04:49,610,"Bitcoin Up or Down - January 15, 8:00PM-8:15PM ET",price_change,UP,0.32,476.28,0.45,0.46
2026-01-16 09:04:50,610,"Bitcoin Up or Down - January 15, 8:00PM-8:15PM ET",price_change,UP,0.35,326.64,0.45,0.46
2026-01-16 09:04:50,610,"Bitcoin Up or Down - January 15, 8:00PM-8:15PM ET",price_change,DOWN,0.5,237.39,0.54,0.55
2026-01-16 09:04:51,609,"Bitcoin Up or Down - January 15, 8:00PM-8:15PM ET",price_change,UP,0.39,2335.19,0.45,0.46
2026-01-16 09:04:51,609,"Bitcoin Up or Down - January 15, 8:00PM-8:15PM ET",price_change,DOWN,0.51,512,0.54,0.55
2026-01-16 09:04:52,608,"Bitcoin Up or Down - January 15, 8:00PM-8:15PM ET",price_change,UP,0.39,2335.19,0.45,0.46
2026-01-16 09:04:52,608,"Bitcoin Up or Down - January 15, 8:00PM-8:15PM ET",price_change,DOWN,0.42,161,0.54,0.55
2026-01-16 09:04:53,607,"Bitcoin Up or Down - January 15, 8:00PM-8:15PM ET",price_change,DOWN,0.51,566,0.54,0.55
2026-01-16 09:04:53,607,"Bitcoin Up or Down - January 15, 8:00PM-8:15PM ET",price_change,UP,0.42,2372.92,0.45,0.46
2026-01-16 09:04:54,606,"Bitcoin Up or Down - January 15, 8:00PM-8:15PM ET",price_change,DOWN,0.52,480.66,0.54,0.55
2026-01-16 09:04:54,606,"Bitcoin Up or Down - January 15, 8:00PM-8:15PM ET",price_change,UP,0.41,439.45,0.45,0.46
2026-01-16 09:04:55,605,"Bitcoin Up or Down - January 15, 8:00PM-8:15PM ET",price_change,UP,0.41,434.45,0.45,0.46
2026-01-16 09:04:55,605,"Bitcoin Up or Down - January 15, 8:00PM-8:15PM ET",price_change,DOWN,0.52,449.92,0.54,0.55
2026-01-16 09:04:56,604,"Bitcoin Up or Down - January 15, 8:00PM-8:15PM ET",price_change,DOWN,0.52,473.92,0.54,0.55
2026-01-16 09:04:56,604,"Bitcoin Up or Down - January 15, 8:00PM-8:15PM ET",price_change,UP,0.41,429.45,0.45,0.46
2026-01-16 09:04:57,603,"Bitcoin Up or Down - January 15, 8:00PM-8:15PM ET",price_change,UP,0.38,348.15,0.45,0.46
2026-01-16 09:04:57,603,"Bitcoin Up or Down - January 15, 8:00PM-8:15PM ET",price_change,DOWN,0.52,468.92,0.54,0.55
2026-01-16 09:04:58,602,"Bitcoin Up or Down - January 15, 8:00PM-8:15PM ET",price_change,UP,0.38,348.15,0.45,0.46
2026-01-16 09:04:58,602,"Bitcoin Up or Down - January 15, 8:00PM-8:15PM ET",price_change,DOWN,0.51,517,0.54,0.55
2026-01-16 09:04:59,601,"Bitcoin Up or Down - January 15, 8:00PM-8:15PM ET",price_change,UP,0.39,2325.19,0.45,0.46
2026-01-16 09:04:59,601,"Bitcoin Up or Down - January 15, 8:00PM-8:15PM ET",price_change,DOWN,0.54,199.03,0.54,0.55
2026-01-16 09:05:00,600,"Bitcoin Up or Down - January 15, 8:00PM-8:15PM ET",price_change,DOWN,0.41,174,0.54,0.55
2026-01-16 09:05:00,600,"Bitcoin Up or Down - January 15, 8:00PM-8:15PM ET",price_change,UP,0.43,281,0.45,0.46
2026-01-16 09:05:01,599,"Bitcoin Up or Down - January 15, 8:00PM-8:15PM ET",price_change,DOWN,0.4,524.46,0.55,0.56
2026-01-16 09:05:01,599,"Bitcoin Up or Down - January 15, 8:00PM-8:15PM ET",price_change,UP,0.01,9278.99,0.44,0.45
2026-01-16 09:05:02,598,"Bitcoin Up or Down - January 15, 8:00PM-8:15PM ET",price_change,UP,0.38,7.29,0.38,0.39
2026-01-16 09:05:02,598,"Bitcoin Up or Down - January 15, 8:00PM-8:15PM ET",price_change,DOWN,0.56,1446.17,0.61,0.62
2026-01-16 09:05:02,597,"Bitcoin Up or Down - January 15, 8:00PM-8:15PM ET",price_change,DOWN,0.6,111,0.63,0.64
2026-01-16 09:05:02,597,"Bitcoin Up or Down - January 15, 8:00PM-8:15PM ET",price_change,UP,0.36,0,0.35,0.37
2026-01-16 09:05:03,597,"Bitcoin Up or Down - January 15, 8:00PM-8:15PM ET",price_change,UP,0.35,1898.4,0.35,0.37
2026-01-16 09:05:03,597,"Bitcoin Up or Down - January 15, 8:00PM-8:15PM ET",price_change,DOWN,0.54,339.6,0.63,0.65
2026-01-16 09:05:04,596,"Bitcoin Up or Down - January 15, 8:00PM-8:15PM ET",price_change,DOWN,0.55,329.48,0.63,0.64
2026-01-16 09:05:04,596,"Bitcoin Up or Down - January 15, 8:00PM-8:15PM ET",price_change,UP,0.36,72.47,0.36,0.37
2026-01-16 09:05:05,595,"Bitcoin Up or Down - January 15, 8:00PM-8:15PM ET",price_change,DOWN,0.07,143.56,0.63,0.64
2026-01-16 09:05:05,595,"Bitcoin Up or Down - January 15, 8:00PM-8:15PM ET",price_change,UP,0.07,143.56,0.36,0.37
2026-01-16 09:05:06,594,"Bitcoin Up or Down - January 15, 8:00PM-8:15PM ET",price_change,UP,0.08,273.13,0.38,0.39
2026-01-16 09:05:06,594,"Bitcoin Up or Down - January 15, 8:00PM-8:15PM ET",price_change,DOWN,0.08,295.15,0.61,0.62
2026-01-16 09:05:07,593,"Bitcoin Up or Down - January 15, 8:00PM-8:15PM ET",price_change,UP,0.37,132,0.38,0.39
2026-01-16 09:05:07,593,"Bitcoin Up or Down - January 15, 8:00PM-8:15PM ET",price_change,DOWN,0.59,486.81,0.61,0.62
2026-01-16 09:05:08,592,"Bitcoin Up or Down - January 15, 8:00PM-8:15PM ET",price_change,UP,0.34,408.92,0.38,0.39
2026-01-16 09:05:08,592,"Bitcoin Up or Down - January 15, 8:00PM-8:15PM ET",price_change,DOWN,0.58,410.43,0.61,0.62
2026-01-16 09:05:09,591,"Bitcoin Up or Down - January 15, 8:00PM-8:15PM ET",price_change,UP,0.05,443,0.38,0.39
2026-01-16 09:05:09,591,"Bitcoin Up or Down - January 15, 8:00PM-8:15PM ET",price_change,DOWN,0.05,393,0.61,0.62
2026-01-16 09:05:10,590,"Bitcoin Up or Down - January 15, 8:00PM-8:15PM ET",price_change,UP,0.34,456.92,0.36,0.37
2026-01-16 09:05:10,590,"Bitcoin Up or Down - January 15, 8:00PM-8:15PM ET",price_change,DOWN,0.61,220.92,0.63,0.64
2026-01-16 09:05:11,589,"Bitcoin Up or Down - January 15, 8:00PM-8:15PM ET",price_change,UP,0.34,466.92,0.36,0.37
2026-01-16 09:05:11,589,"Bitcoin Up or Down - January 15, 8:00PM-8:15PM ET",price_change,DOWN,0.46,385.78,0.63,0.64
2026-01-16 09:05:12,588,"Bitcoin Up or Down - January 15, 8:00PM-8:15PM ET",price_change,UP,0.34,514.92,0.36,0.37
2026-01-16 09:05:12,588,"Bitcoin Up or Down - January 15, 8:00PM-8:15PM ET",price_change,DOWN,0.61,287.92,0.63,0.64
2026-01-16 09:05:13,587,"Bitcoin Up or Down - January 15, 8:00PM-8:15PM ET",price_change,DOWN,0.61,282.92,0.63,0.64
2026-01-16 09:05:13,587,"Bitcoin Up or Down - January 15, 8:00PM-8:15PM ET",price_change,UP,0.34,514.92,0.36,0.37
2026-01-16 09:05:14,586,"Bitcoin Up or Down - January 15, 8:00PM-8:15PM ET",price_change,UP,0.34,548.4,0.36,0.37
2026-01-16 09:05:14,586,"Bitcoin Up or Down - January 15, 8:00PM-8:15PM ET",price_change,DOWN,0.61,267.92,0.63,0.64
2026-01-16 09:05:15,585,"Bitcoin Up or Down - January 15, 8:00PM-8:15PM ET",price_change,UP,0.34,533.4,0.36,0.37
2026-01-16 09:05:15,585,"Bitcoin Up or Down - January 15, 8:00PM-8:15PM ET",price_change,DOWN,0.63,60.12,0.63,0.64
2026-01-16 09:05:16,584,"Bitcoin Up or Down - January 15, 8:00PM-8:15PM ET",price_change,DOWN,0.1,278,0.63,0.64
2026-01-16 09:05:16,584,"Bitcoin Up or Down - January 15, 8:00PM-8:15PM ET",price_change,UP,0.1,228,0.36,0.37
2026-01-16 09:05:17,583,"Bitcoin Up or Down - January 15, 8:00PM-8:15PM ET",price_change,DOWN,0.61,213,0.63,0.64
2026-01-16 09:05:17,583,"Bitcoin Up or Down - January 15, 8:00PM-8:15PM ET",price_change,UP,0.35,2171.31,0.36,0.37
2026-01-16 09:05:18,582,"Bitcoin Up or Down - January 15, 8:00PM-8:15PM ET",price_change,UP,0.32,377.32,0.36,0.37
2026-01-16 09:05:18,582,"Bitcoin Up or Down - January 15, 8:00PM-8:15PM ET",price_change,DOWN,0.57,417,0.63,0.64
2026-01-16 09:05:19,581,"Bitcoin Up or Down - January 15, 8:00PM-8:15PM ET",price_change,UP,0.32,220.32,0.33,0.34
2026-01-16 09:05:19,581,"Bitcoin Up or Down - January 15, 8:00PM-8:15PM ET",price_change,DOWN,0.61,344,0.66,0.67
2026-01-16 09:05:20,580,"Bitcoin Up or Down - January 15, 8:00PM-8:15PM ET",price_change,UP,0.32,190.32,0.33,0.34
2026-01-16 09:05:20,580,"Bitcoin Up or Down - January 15, 8:00PM-8:15PM ET",price_change,DOWN,0.61,293,0.66,0.67
2026-01-16 09:05:21,579,"Bitcoin Up or Down - January 15, 8:00PM-8:15PM ET",price_change,UP,0.29,319.92,0.33,0.34
2026-01-16 09:05:21,579,"Bitcoin Up or Down - January 15, 8:00PM-8:15PM ET",price_change,DOWN,0.61,287,0.66,0.67
2026-01-16 09:05:22,578,"Bitcoin Up or Down - January 15, 8:00PM-8:15PM ET",price_change,DOWN,0.65,374,0.66,0.67
2026-01-16 09:05:22,578,"Bitcoin Up or Down - January 15, 8:00PM-8:15PM ET",price_change,UP,0.29,208,0.33,0.34
2026-01-16 09:05:23,577,"Bitcoin Up or Down - January 15, 8:00PM-8:15PM ET",price_change,DOWN,0.64,243,0.66,0.67
2026-01-16 09:05:23,577,"Bitcoin Up or Down - January 15, 8:00PM-8:15PM ET",price_change,UP,0.29,208,0.33,0.34
2026-01-16 09:05:24,576,"Bitcoin Up or Down - January 15, 8:00PM-8:15PM ET",price_change,UP,0.28,2080,0.33,0.34
2026-01-16 09:05:24,576,"Bitcoin Up or Down - January 15, 8:00PM-8:15PM ET",price_change,DOWN,0.64,243,0.66,0.67
2026-01-16 09:05:25,575,"Bitcoin Up or Down - January 15, 8:00PM-8:15PM ET",price_change,UP,0.28,2186.92,0.33,0.34
2026-01-16 09:05:25,575,"Bitcoin Up or Down - January 15, 8:00PM-8:15PM ET",price_change,DOWN,0.64,369.92,0.66,0.67
2026-01-16 09:05:26,574,"Bitcoin Up or Down - January 15, 8:00PM-8:15PM ET",price_change,DOWN,0.64,369.92,0.66,0.67
2026-01-16 09:05:26,574,"Bitcoin Up or Down - January 15, 8:00PM-8:15PM ET",price_change,UP,0.27,547.43,0.33,0.34
2026-01-16 09:05:27,573,"Bitcoin Up or Down - January 15, 8:00PM-8:15PM ET",price_change,UP,0.29,238,0.33,0.34
2026-01-16 09:05:27,573,"Bitcoin Up or Down - January 15, 8:00PM-8:15PM ET",price_change,DOWN,0.64,349.92,0.66,0.67
2026-01-16 09:05:28,572,"Bitcoin Up or Down - January 15, 8:00PM-8:15PM ET",price_change,UP,0.29,262,0.33,0.34
2026-01-16 09:05:28,572,"Bitcoin Up or Down - January 15, 8:00PM-8:15PM ET",price_change,DOWN,0.64,343.92,0.66,0.67
2026-01-16 09:05:29,571,"Bitcoin Up or Down - January 15, 8:00PM-8:15PM ET",price_change,UP,0.29,256,0.33,0.34
2026-01-16 09:05:29,571,"Bitcoin Up or Down - January 15, 8:00PM-8:15PM ET",price_change,DOWN,0.64,342.92,0.66,0.67
2026-01-16 09:05:30,570,"Bitcoin Up or Down - January 15, 8:00PM-8:15PM ET",price_change,UP,0.29,311,0.33,0.34
2026-01-16 09:05:30,570,"Bitcoin Up or Down - January 15, 8:00PM-8:15PM ET",price_change,DOWN,0.66,2464.91,0.66,0.67
2026-01-16 09:05:31,569,"Bitcoin Up or Down - January 15, 8:00PM-8:15PM ET",price_change,UP,0.24,417,0.33,0.34
2026-01-16 09:05:31,569,"Bitcoin Up or Down - January 15, 8:00PM-8:15PM ET",price_change,DOWN,0.48,567.69,0.66,0.67
2026-01-16 09:05:32,568,"Bitcoin Up or Down - January 15, 8:00PM-8:15PM ET",price_change,UP,0.24,417,0.33,0.34
2026-01-16 09:05:32,568,"Bitcoin Up or Down - January 15, 8:00PM-8:15PM ET",price_change,DOWN,0.62,272,0.66,0.67
2026-01-16 09:05:33,567,"Bitcoin Up or Down - January 15, 8:00PM-8:15PM ET",price_change,DOWN,0.62,317,0.66,0.67
2026-01-16 09:05:33,567,"Bitcoin Up or Down - January 15, 8:00PM-8:15PM ET",price_change,UP,0.21,445.8,0.33,0.34
2026-01-16 09:05:34,566,"Bitcoin Up or Down - January 15, 8:00PM-8:15PM ET",price_change,DOWN,0.66,646,0.73,0.74
2026-01-16 09:05:34,566,"Bitcoin Up or Down - January 15, 8:00PM-8:15PM ET",price_change,UP,0.25,253,0.26,0.27
2026-01-16 09:05:35,565,"Bitcoin Up or Down - January 15, 8:00PM-8:15PM ET",price_change,UP,0.2,463,0.24,0.26
2026-01-16 09:05:35,565,"Bitcoin Up or Down - January 15, 8:00PM-8:15PM ET",price_change,DOWN,0.71,2379,0.74,0.75
2026-01-16 09:05:36,564,"Bitcoin Up or Down - January 15, 8:00PM-8:15PM ET",price_change,UP,0.2,418,0.25,0.26
2026-01-16 09:05:36,564,"Bitcoin Up or Down - January 15, 8:00PM-8:15PM ET",price_change,DOWN,0.74,100.31,0.74,0.75
2026-01-16 09:05:37,563,"Bitcoin Up or Down - January 15, 8:00PM-8:15PM ET",price_change,DOWN,0.7,176,0.74,0.75
2026-01-16 09:05:37,563,"Bitcoin Up or Down - January 15, 8:00PM-8:15PM ET",price_change,UP,0.23,359.92,0.25,0.26
2026-01-16 09:05:38,562,"Bitcoin Up or Down - January 15, 8:00PM-8:15PM ET",price_change,UP,0.2,418,0.25,0.26
2026-01-16 09:05:38,562,"Bitcoin Up or Down - January 15, 8:00PM-8:15PM ET",price_change,DOWN,0.72,190.92,0.74,0.75
2026-01-16 09:05:39,561,"Bitcoin Up or Down - January 15, 8:00PM-8:15PM ET",price_change,DOWN,0.77,375,0.78,0.79
2026-01-16 09:05:39,561,"Bitcoin Up or Down - January 15, 8:00PM-8:15PM ET",price_change,UP,0.14,321,0.21,0.22
2026-01-16 09:05:40,560,"Bitcoin Up or Down - January 15, 8:00PM-8:15PM ET",price_change,DOWN,0.72,231,0.78,0.79
2026-01-16 09:05:40,560,"Bitcoin Up or Down - January 15, 8:00PM-8:15PM ET",price_change,UP,0.12,226.65,0.21,0.22
2026-01-16 09:05:41,559,"Bitcoin Up or Down - January 15, 8:00PM-8:15PM ET",price_change,DOWN,0.66,317,0.8,0.81
2026-01-16 09:05:41,559,"Bitcoin Up or Down - January 15, 8:00PM-8:15PM ET",price_change,UP,0.15,705.25,0.19,0.2
2026-01-16 09:05:42,558,"Bitcoin Up or Down - January 15, 8:00PM-8:15PM ET",price_change,DOWN,0.75,356,0.8,0.81
2026-01-16 09:05:42,558,"Bitcoin Up or Down - January 15, 8:00PM-8:15PM ET",price_change,UP,0.16,2526.92,0.19,0.2
2026-01-16 09:05:43,557,"Bitcoin Up or Down - January 15, 8:00PM-8:15PM ET",price_change,UP,0.17,594.89,0.2,0.21
2026-01-16 09:05:43,557,"Bitcoin Up or Down - January 15, 8:00PM-8:15PM ET",price_change,DOWN,0.79,257.42,0.79,0.8
2026-01-16 09:05:44,556,"Bitcoin Up or Down - January 15, 8:00PM-8:15PM ET",price_change,UP,0.16,116,0.2,0.21
2026-01-16 09:05:44,556,"Bitcoin Up or Down - January 15, 8:00PM-8:15PM ET",price_change,DOWN,0.79,386.08,0.79,0.8
2026-01-16 09:05:45,555,"Bitcoin Up or Down - January 15, 8:00PM-8:15PM ET",price_change,DOWN,0.81,2496.42,0.83,0.84
2026-01-16 09:05:45,555,"Bitcoin Up or Down - January 15, 8:00PM-8:15PM ET",price_change,UP,0.16,11.25,0.16,0.17
2026-01-16 09:05:46,554,"Bitcoin Up or Down - January 15, 8:00PM-8:15PM ET",price_change,UP,0.16,195.52,0.16,0.17
2026-01-16 09:05:46,554,"Bitcoin Up or Down - January 15, 8:00PM-8:15PM ET",price_change,DOWN,0.81,2361.42,0.83,0.84
2026-01-16 09:05:47,553,"Bitcoin Up or Down - January 15, 8:00PM-8:15PM ET",price_change,UP,0.16,39.9,0.17,0.18
2026-01-16 09:05:47,553,"Bitcoin Up or Down - January 15, 8:00PM-8:15PM ET",price_change,DOWN,0.79,283,0.82,0.83
2026-01-16 09:05:48,552,"Bitcoin Up or Down - January 15, 8:00PM-8:15PM ET",price_change,DOWN,0.8,209,0.81,0.82
2026-01-16 09:05:48,552,"Bitcoin Up or Down - January 15, 8:00PM-8:15PM ET",price_change,UP,0.15,304.59,0.18,0.19
2026-01-16 09:05:49,551,"Bitcoin Up or Down - January 15, 8:00PM-8:15PM ET",price_change,UP,0.11,430.64,0.18,0.19
2026-01-16 09:05:49,551,"Bitcoin Up or Down - January 15, 8:00PM-8:15PM ET",price_change,DOWN,0.81,1876.46,0.81,0.82
2026-01-16 09:05:50,550,"Bitcoin Up or Down - January 15, 8:00PM-8:15PM ET",price_change,UP,0.13,576.92,0.2,0.21
2026-01-16 09:05:50,550,"Bitcoin Up or Down - January 15, 8:00PM-8:15PM ET",price_change,DOWN,0.73,342,0.79,0.8
2026-01-16 09:05:51,549,"Bitcoin Up or Down - January 15, 8:00PM-8:15PM ET",price_change,UP,0.12,447.65,0.2,0.21
2026-01-16 09:05:51,549,"Bitcoin Up or Down - January 15, 8:00PM-8:15PM ET",price_change,DOWN,0.57,322,0.79,0.8
2026-01-16 09:05:52,548,"Bitcoin Up or Down - January 15, 8:00PM-8:15PM ET",price_change,UP,0.12,438.65,0.2,0.21
2026-01-16 09:05:52,548,"Bitcoin Up or Down - January 15, 8:00PM-8:15PM ET",price_change,DOWN,0.06,221.17,0.79,0.8
2026-01-16 09:05:53,547,"Bitcoin Up or Down - January 15, 8:00PM-8:15PM ET",price_change,UP,0.18,122,0.2,0.21
2026-01-16 09:05:53,547,"Bitcoin Up or Down - January 15, 8:00PM-8:15PM ET",price_change,DOWN,0.77,461.92,0.79,0.8
2026-01-16 09:05:54,546,"Bitcoin Up or Down - January 15, 8:00PM-8:15PM ET",price_change,UP,0.16,268.92,0.2,0.21
2026-01-16 09:05:54,546,"Bitcoin Up or Down - January 15, 8:00PM-8:15PM ET",price_change,DOWN,0.79,248.92,0.79,0.8
2026-01-16 09:05:55,545,"Bitcoin Up or Down - January 15, 8:00PM-8:15PM ET",price_change,DOWN,0.77,481.92,0.79,0.8
2026-01-16 09:05:55,545,"Bitcoin Up or Down - January 15, 8:00PM-8:15PM ET",price_change,UP,0.16,168.92,0.2,0.21
2026-01-16 09:05:56,544,"Bitcoin Up or Down - January 15, 8:00PM-8:15PM ET",price_change,UP,0.16,168.92,0.2,0.21
2026-01-16 09:05:56,544,"Bitcoin Up or Down - January 15, 8:00PM-8:15PM ET",price_change,DOWN,0.77,526.92,0.79,0.8
2026-01-16 09:05:57,543,"Bitcoin Up or Down - January 15, 8:00PM-8:15PM ET",price_change,UP,0.11,330.64,0.2,0.21
2026-01-16 09:05:57,543,"Bitcoin Up or Down - January 15, 8:00PM-8:15PM ET",price_change,DOWN,0.78,332,0.79,0.8
2026-01-16 09:05:58,542,"Bitcoin Up or Down - January 15, 8:00PM-8:15PM ET",price_change,UP,0.16,168.92,0.2,0.21
2026-01-16 09:05:58,542,"Bitcoin Up or Down - January 15, 8:00PM-8:15PM ET",price_change,DOWN,0.77,562.92,0.79,0.8
2026-01-16 09:05:59,541,"Bitcoin Up or Down - January 15, 8:00PM-8:15PM ET",price_change,UP,0.16,168.92,0.21,0.22
2026-01-16 09:05:59,541,"Bitcoin Up or Down - January 15, 8:00PM-8:15PM ET",price_change,DOWN,0.77,516,0.78,0.79
2026-01-16 09:06:00,540,"Bitcoin Up or Down - January 15, 8:00PM-8:15PM ET",price_change,DOWN,0.77,172,0.78,0.79
2026-01-16 09:06:00,540,"Bitcoin Up or Down - January 15, 8:00PM-8:15PM ET",price_change,UP,0.16,351.06,0.21,0.22
2026-01-16 09:06:01,539,"Bitcoin Up or Down - January 15, 8:00PM-8:15PM ET",price_change,UP,0.21,530.18,0.26,0.27
2026-01-16 09:06:01,539,"Bitcoin Up or Down - January 15, 8:00PM-8:15PM ET",price_change,DOWN,0.21,55,0.73,0.74
2026-01-16 09:06:02,538,"Bitcoin Up or Down - January 15, 8:00PM-8:15PM ET",price_change,UP,0.16,323,0.29,0.3
2026-01-16 09:06:02,538,"Bitcoin Up or Down - January 15, 8:00PM-8:15PM ET",price_change,DOWN,0.7,531.72,0.7,0.71
2026-01-16 09:06:03,537,"Bitcoin Up or Down - January 15, 8:00PM-8:15PM ET",price_change,UP,0.05,536.33,0.24,0.25
2026-01-16 09:06:03,537,"Bitcoin Up or Down - January 15, 8:00PM-8:15PM ET",price_change,DOWN,0.05,373,0.75,0.76
2026-01-16 09:06:04,536,"Bitcoin Up or Down - January 15, 8:00PM-8:15PM ET",price_change,UP,0.14,317,0.23,0.24
2026-01-16 09:06:04,536,"Bitcoin Up or Down - January 15, 8:00PM-8:15PM ET",price_change,DOWN,0.76,318,0.76,0.77
2026-01-16 09:06:05,535,"Bitcoin Up or Down - January 15, 8:00PM-8:15PM ET",price_change,UP,0.06,425.17,0.24,0.25
2026-01-16 09:06:05,535,"Bitcoin Up or Down - January 15, 8:00PM-8:15PM ET",price_change,DOWN,0.06,204.17,0.75,0.76
2026-01-16 09:06:06,534,"Bitcoin Up or Down - January 15, 8:00PM-8:15PM ET",price_change,UP,0.14,327,0.24,0.25
2026-01-16 09:06:06,534,"Bitcoin Up or Down - January 15, 8:00PM-8:15PM ET",price_change,DOWN,0.72,233.58,0.75,0.76
2026-01-16 09:06:07,533,"Bitcoin Up or Down - January 15, 8:00PM-8:15PM ET",price_change,UP,0.12,353.66,0.21,0.22
2026-01-16 09:06:07,533,"Bitcoin Up or Down - January 15, 8:00PM-8:15PM ET",price_change,DOWN,0.75,540.5,0.78,0.79
2026-01-16 09:06:07,532,"Bitcoin Up or Down - January 15, 8:00PM-8:15PM ET",price_change,DOWN,0.71,409.43,0.78,0.79
2026-01-16 09:06:07,532,"Bitcoin Up or Down - January 15, 8:00PM-8:15PM ET",price_change,UP,0.21,658.84,0.21,0.22
2026-01-16 09:06:08,532,"Bitcoin Up or Down - January 15, 8:00PM-8:15PM ET",price_change,UP,0.21,663.84,0.21,0.22
2026-01-16 09:06:08,532,"Bitcoin Up or Down - January 15, 8:00PM-8:15PM ET",price_change,DOWN,0.74,66,0.78,0.79
2026-01-16 09:06:09,531,"Bitcoin Up or Down - January 15, 8:00PM-8:15PM ET",price_change,UP,0.29,124.21,0.29,0.3
2026-01-16 09:06:09,531,"Bitcoin Up or Down - January 15, 8:00PM-8:15PM ET",price_change,DOWN,0.67,403.83,0.7,0.71
2026-01-16 09:06:10,530,"Bitcoin Up or Down - January 15, 8:00PM-8:15PM ET",price_change,DOWN,0.54,347,0.7,0.72
2026-01-16 09:06:10,530,"Bitcoin Up or Down - January 15, 8:00PM-8:15PM ET",price_change,UP,0.15,10304.59,0.28,0.3
2026-01-16 09:06:11,529,"Bitcoin Up or Down - January 15, 8:00PM-8:15PM ET",price_change,UP,0.21,462.92,0.29,0.3
2026-01-16 09:06:11,529,"Bitcoin Up or Down - January 15, 8:00PM-8:15PM ET",price_change,DOWN,0.7,97.62,0.7,0.71
2026-01-16 09:06:12,528,"Bitcoin Up or Down - January 15, 8:00PM-8:15PM ET",price_change,DOWN,0.7,171,0.7,0.71
2026-01-16 09:06:12,528,"Bitcoin Up or Down - January 15, 8:00PM-8:15PM ET",price_change,UP,0.23,397,0.29,0.3
2026-01-16 09:06:13,527,"Bitcoin Up or Down - January 15, 8:00PM-8:15PM ET",price_change,DOWN,0.7,184,0.71,0.72
2026-01-16 09:06:13,527,"Bitcoin Up or Down - January 15, 8:00PM-8:15PM ET",price_change,UP,0.28,327.92,0.28,0.29
2026-01-16 09:06:14,526,"Bitcoin Up or Down - January 15, 8:00PM-8:15PM ET",price_change,UP,0.17,367,0.28,0.29
2026-01-16 09:06:14,526,"Bitcoin Up or Down - January 15, 8:00PM-8:15PM ET",price_change,DOWN,0.7,341,0.71,0.72
2026-01-16 09:06:15,525,"Bitcoin Up or Down - January 15, 8:00PM-8:15PM ET",price_change,DOWN,0.68,407.92,0.71,0.72
2026-01-16 09:06:15,525,"Bitcoin Up or Down - January 15, 8:00PM-8:15PM ET",price_change,UP,0.17,367,0.28,0.29
2026-01-16 09:06:16,524,"Bitcoin Up or Down - January 15, 8:00PM-8:15PM ET",price_change,UP,0.25,313.92,0.27,0.29
2026-01-16 09:06:16,524,"Bitcoin Up or Down - January 15, 8:00PM-8:15PM ET",price_change,DOWN,0.69,389,0.71,0.73
2026-01-16 09:06:17,523,"Bitcoin Up or Down - January 15, 8:00PM-8:15PM ET",price_change,UP,0.25,342.92,0.27,0.28
2026-01-16 09:06:17,523,"Bitcoin Up or Down - January 15, 8:00PM-8:15PM ET",price_change,DOWN,0.69,414.92,0.72,0.73
2026-01-16 09:06:18,522,"Bitcoin Up or Down - January 15, 8:00PM-8:15PM ET",price_change,DOWN,0.69,413.86,0.72,0.73
2026-01-16 09:06:18,522,"Bitcoin Up or Down - January 15, 8:00PM-8:15PM ET",price_change,UP,0.25,371.92,0.27,0.28
2026-01-16 09:06:19,521,"Bitcoin Up or Down - January 15, 8:00PM-8:15PM ET",price_change,DOWN,0.69,357,0.71,0.72
2026-01-16 09:06:19,521,"Bitcoin Up or Down - January 15, 8:00PM-8:15PM ET",price_change,UP,0.25,295.92,0.28,0.29
2026-01-16 09:06:20,520,"Bitcoin Up or Down - January 15, 8:00PM-8:15PM ET",price_change,UP,0.25,268,0.26,0.28
2026-01-16 09:06:20,520,"Bitcoin Up or Down - January 15, 8:00PM-8:15PM ET",price_change,DOWN,0.7,248.78,0.72,0.74
2026-01-16 09:06:21,519,"Bitcoin Up or Down - January 15, 8:00PM-8:15PM ET",price_change,UP,0.17,367,0.26,0.27
2026-01-16 09:06:21,519,"Bitcoin Up or Down - January 15, 8:00PM-8:15PM ET",price_change,DOWN,0.68,386.49,0.73,0.74
2026-01-16 09:06:22,518,"Bitcoin Up or Down - January 15, 8:00PM-8:15PM ET",price_change,UP,0.24,455.92,0.26,0.27
2026-01-16 09:06:22,518,"Bitcoin Up or Down - January 15, 8:00PM-8:15PM ET",price_change,DOWN,0.7,270.7,0.73,0.74
2026-01-16 09:06:23,517,"Bitcoin Up or Down - January 15, 8:00PM-8:15PM ET",price_change,DOWN,0.7,133.04,0.7,0.71
2026-01-16 09:06:23,517,"Bitcoin Up or Down - January 15, 8:00PM-8:15PM ET",price_change,UP,0.24,434.92,0.29,0.3
2026-01-16 09:06:24,516,"Bitcoin Up or Down - January 15, 8:00PM-8:15PM ET",price_change,DOWN,0.7,171.34,0.7,0.71
2026-01-16 09:06:24,516,"Bitcoin Up or Down - January 15, 8:00PM-8:15PM ET",price_change,UP,0.28,211,0.29,0.3
2026-01-16 09:06:25,515,"Bitcoin Up or Down - January 15, 8:00PM-8:15PM ET",price_change,UP,0.18,367,0.28,0.29
2026-01-16 09:06:25,515,"Bitcoin Up or Down - January 15, 8:00PM-8:15PM ET",price_change,DOWN,0.68,275.49,0.71,0.72
2026-01-16 09:06:26,514,"Bitcoin Up or Down - January 15, 8:00PM-8:15PM ET",price_change,UP,0.18,367,0.28,0.29
2026-01-16 09:06:26,514,"Bitcoin Up or Down - January 15, 8:00PM-8:15PM ET",price_change,DOWN,0.68,276.49,0.71,0.72
2026-01-16 09:06:26,513,"Bitcoin Up or Down - January 15, 8:00PM-8:15PM ET",price_change,DOWN,0.7,329.92,0.71,0.72
2026-01-16 09:06:26,513,"Bitcoin Up or Down - January 15, 8:00PM-8:15PM ET",price_change,UP,0.27,516.82,0.28,0.29
2026-01-16 09:06:26,513,"Bitcoin Up or Down - January 15, 8:00PM-8:15PM ET",price_change,DOWN,0.7,349.78,0.7,0.72
2026-01-16 09:06:26,513,"Bitcoin Up or Down - January 15, 8:00PM-8:15PM ET",price_change,DOWN,0.68,392.49,0.71,0.72
2026-01-16 09:06:26,513,"Bitcoin Up or Down - January 15, 8:00PM-8:15PM ET",price_change,UP,0.15,8309.59,0.28,0.29
2026-01-16 09:06:27,513,"Bitcoin Up or Down - January 15, 8:00PM-8:15PM ET",price_change,DOWN,0.68,386.49,0.71,0.72
2026-01-16 09:06:27,513,"Bitcoin Up or Down - January 15, 8:00PM-8:15PM ET",price_change,UP,0.18,367,0.28,0.29
2026-01-16 09:06:27,512,"Bitcoin Up or Down - January 15, 8:00PM-8:15PM ET",price_change,UP,0.23,215.92,0.27,0.28
2026-01-16 09:06:27,512,"Bitcoin Up or Down - January 15, 8:00PM-8:15PM ET",price_change,DOWN,0.7,380,0.72,0.73
2026-01-16 09:06:28,512,"Bitcoin Up or Down - January 15, 8:00PM-8:15PM ET",price_change,UP,0.17,367,0.25,0.28
2026-01-16 09:06:28,512,"Bitcoin Up or Down - January 15, 8:00PM-8:15PM ET",price_change,DOWN,0.71,2535,0.72,0.75
2026-01-16 09:06:28,511,"Bitcoin Up or Down - January 15, 8:00PM-8:15PM ET",price_change,UP,0.2,5862.56,0.24,0.26
2026-01-16 09:06:28,511,"Bitcoin Up or Down - January 15, 8:00PM-8:15PM ET",price_change,DOWN,0.7,448.92,0.74,0.76
2026-01-16 09:06:29,511,"Bitcoin Up or Down - January 15, 8:00PM-8:15PM ET",price_change,DOWN,0.7,431.92,0.75,0.76
2026-01-16 09:06:29,511,"Bitcoin Up or Down - January 15, 8:00PM-8:15PM ET",price_change,UP,0.23,125,0.24,0.25
2026-01-16 09:06:30,510,"Bitcoin Up or Down - January 15, 8:00PM-8:15PM ET",price_change,DOWN,0.69,221,0.75,0.76
2026-01-16 09:06:30,510,"Bitcoin Up or Down - January 15, 8:00PM-8:15PM ET",price_change,UP,0.05,666.33,0.24,0.25
2026-01-16 09:06:31,509,"Bitcoin Up or Down - January 15, 8:00PM-8:15PM ET",price_change,DOWN,0.76,23.4,0.76,0.77
2026-01-16 09:06:31,509,"Bitcoin Up or Down - January 15, 8:00PM-8:15PM ET",price_change,UP,0.24,0,0.23,0.24
2026-01-16 09:06:32,508,"Bitcoin Up or Down - January 15, 8:00PM-8:15PM ET",price_change,UP,0.16,367,0.23,0.25
2026-01-16 09:06:32,508,"Bitcoin Up or Down - January 15, 8:00PM-8:15PM ET",price_change,DOWN,0.71,292.08,0.75,0.77
2026-01-16 09:06:33,507,"Bitcoin Up or Down - January 15, 8:00PM-8:15PM ET",price_change,DOWN,0.73,287,0.75,0.76
2026-01-16 09:06:33,507,"Bitcoin Up or Down - January 15, 8:00PM-8:15PM ET",price_change,UP,0.21,251,0.24,0.25
2026-01-16 09:06:34,506,"Bitcoin Up or Down - January 15, 8:00PM-8:15PM ET",price_change,UP,0.16,2367,0.23,0.24
2026-01-16 09:06:34,506,"Bitcoin Up or Down - January 15, 8:00PM-8:15PM ET",price_change,DOWN,0.76,45,0.76,0.77
2026-01-16 09:06:35,505,"Bitcoin Up or Down - January 15, 8:00PM-8:15PM ET",price_change,UP,0.2,5974.48,0.23,0.24
2026-01-16 09:06:35,505,"Bitcoin Up or Down - January 15, 8:00PM-8:15PM ET",price_change,DOWN,0.74,194,0.76,0.77
2026-01-16 09:06:36,504,"Bitcoin Up or Down - January 15, 8:00PM-8:15PM ET",price_change,DOWN,0.75,210,0.77,0.78
2026-01-16 09:06:36,504,"Bitcoin Up or Down - January 15, 8:00PM-8:15PM ET",price_change,UP,0.22,53.29,0.22,0.23
2026-01-16 09:06:37,503,"Bitcoin Up or Down - January 15, 8:00PM-8:15PM ET",price_change,UP,0.15,8329.59,0.22,0.23
2026-01-16 09:06:37,503,"Bitcoin Up or Down - January 15, 8:00PM-8:15PM ET",price_change,DOWN,0.56,342,0.77,0.78
2026-01-16 09:06:38,502,"Bitcoin Up or Down - January 15, 8:00PM-8:15PM ET",price_change,UP,0.14,396,0.21,0.22
2026-01-16 09:06:38,502,"Bitcoin Up or Down - January 15, 8:00PM-8:15PM ET",price_change,DOWN,0.77,2128.5,0.78,0.79
2026-01-16 09:06:39,501,"Bitcoin Up or Down - January 15, 8:00PM-8:15PM ET",price_change,UP,0.14,372,0.21,0.22
2026-01-16 09:06:39,501,"Bitcoin Up or Down - January 15, 8:00PM-8:15PM ET",price_change,DOWN,0.78,220.5,0.78,0.79
2026-01-16 09:06:40,500,"Bitcoin Up or Down - January 15, 8:00PM-8:15PM ET",price_change,UP,0.16,2367,0.21,0.22
2026-01-16 09:06:40,500,"Bitcoin Up or Down - January 15, 8:00PM-8:15PM ET",price_change,DOWN,0.77,2105,0.78,0.79
2026-01-16 09:06:41,499,"Bitcoin Up or Down - January 15, 8:00PM-8:15PM ET",price_change,UP,0.16,2367,0.21,0.22
2026-01-16 09:06:41,499,"Bitcoin Up or Down - January 15, 8:00PM-8:15PM ET",price_change,DOWN,0.75,65,0.78,0.79
2026-01-16 09:06:42,498,"Bitcoin Up or Down - January 15, 8:00PM-8:15PM ET",price_change,UP,0.16,2367,0.21,0.22
2026-01-16 09:06:42,498,"Bitcoin Up or Down - January 15, 8:00PM-8:15PM ET",price_change,DOWN,0.78,50,0.78,0.79
2026-01-16 09:06:43,497,"Bitcoin Up or Down - January 15, 8:00PM-8:15PM ET",price_change,UP,0.16,2473.92,0.21,0.22
2026-01-16 09:06:43,497,"Bitcoin Up or Down - January 15, 8:00PM-8:15PM ET",price_change,DOWN,0.78,110,0.78,0.79
2026-01-16 09:06:44,496,"Bitcoin Up or Down - January 15, 8:00PM-8:15PM ET",price_change,UP,0.16,2473.92,0.21,0.22
2026-01-16 09:06:44,496,"Bitcoin Up or Down - January 15, 8:00PM-8:15PM ET",price_change,DOWN,0.73,532.92,0.78,0.79
2026-01-16 09:06:45,495,"Bitcoin Up or Down - January 15, 8:00PM-8:15PM ET",price_change,UP,0.15,8324.59,0.21,0.22
2026-01-16 09:06:45,495,"Bitcoin Up or Down - January 15, 8:00PM-8:15PM ET",price_change,DOWN,0.77,255.4,0.78,0.79
2026-01-16 09:06:46,494,"Bitcoin Up or Down - January 15, 8:00PM-8:15PM ET",price_change,UP,0.13,344,0.2,0.21
2026-01-16 09:06:46,494,"Bitcoin Up or Down - January 15, 8:00PM-8:15PM ET",price_change,DOWN,0.78,2633.74,0.79,0.8
2026-01-16 09:06:47,493,"Bitcoin Up or Down - January 15, 8:00PM-8:15PM ET",price_change,UP,0.12,510.92,0.2,0.21
2026-01-16 09:06:47,493,"Bitcoin Up or Down - January 15, 8:00PM-8:15PM ET",price_change,DOWN,0.79,431.59,0.79,0.8
2026-01-16 09:06:48,492,"Bitcoin Up or Down - January 15, 8:00PM-8:15PM ET",price_change,UP,0.13,627.92,0.2,0.21
2026-01-16 09:06:48,492,"Bitcoin Up or Down - January 15, 8:00PM-8:15PM ET",price_change,DOWN,0.79,476.05,0.79,0.8
2026-01-16 09:06:49,491,"Bitcoin Up or Down - January 15, 8:00PM-8:15PM ET",price_change,UP,0.15,8346.92,0.2,0.21
2026-01-16 09:06:49,491,"Bitcoin Up or Down - January 15, 8:00PM-8:15PM ET",price_change,DOWN,0.6,372,0.79,0.8
2026-01-16 09:06:50,490,"Bitcoin Up or Down - January 15, 8:00PM-8:15PM ET",price_change,UP,0.12,425,0.2,0.21
2026-01-16 09:06:50,490,"Bitcoin Up or Down - January 15, 8:00PM-8:15PM ET",price_change,DOWN,0.79,451.36,0.79,0.8
2026-01-16 09:06:51,489,"Bitcoin Up or Down - January 15, 8:00PM-8:15PM ET",price_change,UP,0.12,425,0.2,0.21
2026-01-16 09:06:51,489,"Bitcoin Up or Down - January 15, 8:00PM-8:15PM ET",price_change,DOWN,0.78,407,0.79,0.8
2026-01-16 09:06:52,488,"Bitcoin Up or Down - January 15, 8:00PM-8:15PM ET",price_change,UP,0.19,198.14,0.19,0.2
2026-01-16 09:06:52,488,"Bitcoin Up or Down - January 15, 8:00PM-8:15PM ET",price_change,DOWN,0.78,348,0.8,0.81
2026-01-16 09:06:53,487,"Bitcoin Up or Down - January 15, 8:00PM-8:15PM ET",price_change,DOWN,0.6,362,0.8,0.81
2026-01-16 09:06:53,487,"Bitcoin Up or Down - January 15, 8:00PM-8:15PM ET",price_change,UP,0.17,348,0.19,0.2
2026-01-16 09:06:54,486,"Bitcoin Up or Down - January 15, 8:00PM-8:15PM ET",price_change,DOWN,0.79,168.92,0.8,0.81
2026-01-16 09:06:54,486,"Bitcoin Up or Down - January 15, 8:00PM-8:15PM ET",price_change,UP,0.19,226.41,0.19,0.2
2026-01-16 09:06:55,485,"Bitcoin Up or Down - January 15, 8:00PM-8:15PM ET",price_change,DOWN,0.8,2232.72,0.8,0.81
2026-01-16 09:06:55,485,"Bitcoin Up or Down - January 15, 8:00PM-8:15PM ET",price_change,UP,0.17,219,0.19,0.2
2026-01-16 09:06:56,484,"Bitcoin Up or Down - January 15, 8:00PM-8:15PM ET",price_change,UP,0.14,436.92,0.19,0.2
2026-01-16 09:06:56,484,"Bitcoin Up or Down - January 15, 8:00PM-8:15PM ET",price_change,DOWN,0.8,2773.29,0.8,0.81
2026-01-16 09:06:57,483,"Bitcoin Up or Down - January 15, 8:00PM-8:15PM ET",price_change,UP,0.1,496,0.18,0.19
2026-01-16 09:06:57,483,"Bitcoin Up or Down - January 15, 8:00PM-8:15PM ET",price_change,DOWN,0.79,218,0.81,0.82
2026-01-16 09:06:58,482,"Bitcoin Up or Down - January 15, 8:00PM-8:15PM ET",price_change,UP,0.1,496,0.17,0.19
2026-01-16 09:06:58,482,"Bitcoin Up or Down - January 15, 8:00PM-8:15PM ET",price_change,DOWN,0.8,2216.52,0.81,0.83
2026-01-16 09:06:59,481,"Bitcoin Up or Down - January 15, 8:00PM-8:15PM ET",price_change,DOWN,0.8,65.1,0.82,0.83
2026-01-16 09:06:59,481,"Bitcoin Up or Down - January 15, 8:00PM-8:15PM ET",price_change,UP,0.03,1052.99,0.17,0.18
2026-01-16 09:07:00,480,"Bitcoin Up or Down - January 15, 8:00PM-8:15PM ET",price_change,UP,0.09,438.44,0.17,0.18
2026-01-16 09:07:00,480,"Bitcoin Up or Down - January 15, 8:00PM-8:15PM ET",price_change,DOWN,0.48,521.83,0.82,0.83
2026-01-16 09:07:01,479,"Bitcoin Up or Down - January 15, 8:00PM-8:15PM ET",price_change,UP,0.09,408.44,0.17,0.18
2026-01-16 09:07:01,479,"Bitcoin Up or Down - January 15, 8:00PM-8:15PM ET",price_change,DOWN,0.81,226.92,0.82,0.83
2026-01-16 09:07:02,478,"Bitcoin Up or Down - January 15, 8:00PM-8:15PM ET",price_change,UP,0.14,282.92,0.18,0.19
2026-01-16 09:07:02,478,"Bitcoin Up or Down - January 15, 8:00PM-8:15PM ET",price_change,DOWN,0.8,174.16,0.81,0.82
2026-01-16 09:07:03,477,"Bitcoin Up or Down - January 15, 8:00PM-8:15PM ET",price_change,UP,0.16,228.92,0.18,0.19
2026-01-16 09:07:03,477,"Bitcoin Up or Down - January 15, 8:00PM-8:15PM ET",price_change,DOWN,0.8,180.16,0.81,0.82
2026-01-16 09:07:04,476,"Bitcoin Up or Down - January 15, 8:00PM-8:15PM ET",price_change,UP,0.18,3250.42,0.18,0.19
2026-01-16 09:07:04,476,"Bitcoin Up or Down - January 15, 8:00PM-8:15PM ET",price_change,DOWN,0.79,441,0.81,0.82
2026-01-16 09:07:05,475,"Bitcoin Up or Down - January 15, 8:00PM-8:15PM ET",price_change,UP,0.15,10533.92,0.19,0.2
2026-01-16 09:07:05,475,"Bitcoin Up or Down - January 15, 8:00PM-8:15PM ET",price_change,DOWN,0.78,609.14,0.8,0.81
2026-01-16 09:07:06,474,"Bitcoin Up or Down - January 15, 8:00PM-8:15PM ET",price_change,UP,0.17,453.19,0.19,0.2
2026-01-16 09:07:06,474,"Bitcoin Up or Down - January 15, 8:00PM-8:15PM ET",price_change,DOWN,0.8,112.65,0.8,0.81
2026-01-16 09:07:07,473,"Bitcoin Up or Down - January 15, 8:00PM-8:15PM ET",price_change,UP,0.15,8598.92,0.2,0.21
2026-01-16 09:07:07,473,"Bitcoin Up or Down - January 15, 8:00PM-8:15PM ET",price_change,DOWN,0.79,1618.91,0.79,0.8
2026-01-16 09:07:08,472,"Bitcoin Up or Down - January 15, 8:00PM-8:15PM ET",price_change,UP,0.19,281,0.2,0.22
2026-01-16 09:07:08,472,"Bitcoin Up or Down - January 15, 8:00PM-8:15PM ET",price_change,DOWN,0.79,10,0.79,0.8
2026-01-16 09:07:09,471,"Bitcoin Up or Down - January 15, 8:00PM-8:15PM ET",price_change,UP,0.16,558.92,0.2,0.21
2026-01-16 09:07:09,471,"Bitcoin Up or Down - January 15, 8:00PM-8:15PM ET",price_change,DOWN,0.76,208.89,0.79,0.8
2026-01-16 09:07:10,470,"Bitcoin Up or Down - January 15, 8:00PM-8:15PM ET",price_change,UP,0.14,408,0.2,0.21
2026-01-16 09:07:10,470,"Bitcoin Up or Down - January 15, 8:00PM-8:15PM ET",price_change,DOWN,0.76,148.89,0.79,0.8
2026-01-16 09:07:11,469,"Bitcoin Up or Down - January 15, 8:00PM-8:15PM ET",price_change,UP,0.14,408,0.2,0.21
2026-01-16 09:07:11,469,"Bitcoin Up or Down - January 15, 8:00PM-8:15PM ET",price_change,DOWN,0.76,193.89,0.79,0.8
2026-01-16 09:07:12,468,"Bitcoin Up or Down - January 15, 8:00PM-8:15PM ET",price_change,UP,0.14,408,0.2,0.21
2026-01-16 09:07:12,468,"Bitcoin Up or Down - January 15, 8:00PM-8:15PM ET",price_change,DOWN,0.58,335,0.79,0.8
2026-01-16 09:07:13,467,"Bitcoin Up or Down - January 15, 8:00PM-8:15PM ET",price_change,UP,0.17,2430,0.2,0.21
2026-01-16 09:07:13,467,"Bitcoin Up or Down - January 15, 8:00PM-8:15PM ET",price_change,DOWN,0.77,2195.82,0.79,0.8
2026-01-16 09:07:14,466,"Bitcoin Up or Down - January 15, 8:00PM-8:15PM ET",price_change,UP,0.13,405,0.2,0.21
2026-01-16 09:07:14,466,"Bitcoin Up or Down - January 15, 8:00PM-8:15PM ET",price_change,DOWN,0.76,253.89,0.79,0.8
2026-01-16 09:07:15,465,"Bitcoin Up or Down - January 15, 8:00PM-8:15PM ET",price_change,UP,0.13,405,0.2,0.21
2026-01-16 09:07:15,465,"Bitcoin Up or Down - January 15, 8:00PM-8:15PM ET",price_change,DOWN,0.79,178.46,0.79,0.8
2026-01-16 09:07:16,464,"Bitcoin Up or Down - January 15, 8:00PM-8:15PM ET",price_change,DOWN,0.79,205.96,0.79,0.8
2026-01-16 09:07:16,464,"Bitcoin Up or Down - January 15, 8:00PM-8:15PM ET",price_change,UP,0.17,2374.92,0.2,0.21
2026-01-16 09:07:17,463,"Bitcoin Up or Down - January 15, 8:00PM-8:15PM ET",price_change,UP,0.13,405,0.2,0.21
2026-01-16 09:07:17,463,"Bitcoin Up or Down - January 15, 8:00PM-8:15PM ET",price_change,DOWN,0.79,85.5,0.79,0.8
2026-01-16 09:07:18,462,"Bitcoin Up or Down - January 15, 8:00PM-8:15PM ET",price_change,UP,0.2,110.75,0.2,0.21
2026-01-16 09:07:18,462,"Bitcoin Up or Down - January 15, 8:00PM-8:15PM ET",price_change,DOWN,0.79,95.5,0.79,0.8
2026-01-16 09:07:19,461,"Bitcoin Up or Down - January 15, 8:00PM-8:15PM ET",price_change,UP,0.13,405,0.2,0.21
2026-01-16 09:07:19,461,"Bitcoin Up or Down - January 15, 8:00PM-8:15PM ET",price_change,DOWN,0.48,557.69,0.79,0.8
2026-01-16 09:07:20,460,"Bitcoin Up or Down - January 15, 8:00PM-8:15PM ET",price_change,DOWN,0.79,217,0.79,0.8
2026-01-16 09:07:20,460,"Bitcoin Up or Down - January 15, 8:00PM-8:15PM ET",price_change,UP,0.13,405,0.2,0.21
2026-01-16 09:07:21,459,"Bitcoin Up or Down - January 15, 8:00PM-8:15PM ET",price_change,UP,0.13,405,0.2,0.21
2026-01-16 09:07:21,459,"Bitcoin Up or Down - January 15, 8:00PM-8:15PM ET",price_change,DOWN,0.77,293.82,0.79,0.8
2026-01-16 09:07:22,458,"Bitcoin Up or Down - January 15, 8:00PM-8:15PM ET",price_change,UP,0.13,405,0.2,0.21
2026-01-16 09:07:22,458,"Bitcoin Up or Down - January 15, 8:00PM-8:15PM ET",price_change,DOWN,0.58,335,0.79,0.8
2026-01-16 09:07:23,457,"Bitcoin Up or Down - January 15, 8:00PM-8:15PM ET",price_change,UP,0.13,405,0.2,0.21
2026-01-16 09:07:23,457,"Bitcoin Up or Down - January 15, 8:00PM-8:15PM ET",price_change,DOWN,0.79,107.5,0.79,0.8
2026-01-16 09:07:24,456,"Bitcoin Up or Down - January 15, 8:00PM-8:15PM ET",price_change,UP,0.13,405,0.2,0.21
2026-01-16 09:07:24,456,"Bitcoin Up or Down - January 15, 8:00PM-8:15PM ET",price_change,DOWN,0.79,134,0.79,0.8
2026-01-16 09:07:25,455,"Bitcoin Up or Down - January 15, 8:00PM-8:15PM ET",price_change,UP,0.13,405,0.2,0.21
2026-01-16 09:07:25,455,"Bitcoin Up or Down - January 15, 8:00PM-8:15PM ET",price_change,DOWN,0.77,283.82,0.79,0.8
2026-01-16 09:07:26,454,"Bitcoin Up or Down - January 15, 8:00PM-8:15PM ET",price_change,UP,0.13,390,0.2,0.21
2026-01-16 09:07:26,454,"Bitcoin Up or Down - January 15, 8:00PM-8:15PM ET",price_change,DOWN,0.58,325,0.79,0.8
2026-01-16 09:07:27,453,"Bitcoin Up or Down - January 15, 8:00PM-8:15PM ET",price_change,UP,0.17,2448.77,0.19,0.2
2026-01-16 09:07:27,453,"Bitcoin Up or Down - January 15, 8:00PM-8:15PM ET",price_change,DOWN,0.77,235.82,0.8,0.81
2026-01-16 09:07:28,452,"Bitcoin Up or Down - January 15, 8:00PM-8:15PM ET",price_change,DOWN,0.79,248.5,0.8,0.81
2026-01-16 09:07:28,452,"Bitcoin Up or Down - January 15, 8:00PM-8:15PM ET",price_change,UP,0.17,2360.92,0.19,0.2
2026-01-16 09:07:29,451,"Bitcoin Up or Down - January 15, 8:00PM-8:15PM ET",price_change,UP,0.12,407.87,0.19,0.2
2026-01-16 09:07:29,451,"Bitcoin Up or Down - January 15, 8:00PM-8:15PM ET",price_change,DOWN,0.77,342.74,0.8,0.81
2026-01-16 09:07:30,450,"Bitcoin Up or Down - January 15, 8:00PM-8:15PM ET",price_change,UP,0.16,510.92,0.19,0.2
2026-01-16 09:07:30,450,"Bitcoin Up or Down - January 15, 8:00PM-8:15PM ET",price_change,DOWN,0.78,2525.84,0.8,0.81
2026-01-16 09:07:31,449,"Bitcoin Up or Down - January 15, 8:00PM-8:15PM ET",price_change,UP,0.16,537.92,0.2,0.21
2026-01-16 09:07:31,449,"Bitcoin Up or Down - January 15, 8:00PM-8:15PM ET",price_change,DOWN,0.78,2624.84,0.79,0.8
2026-01-16 09:07:32,448,"Bitcoin Up or Down - January 15, 8:00PM-8:15PM ET",price_change,UP,0.12,407.87,0.2,0.21
2026-01-16 09:07:32,448,"Bitcoin Up or Down - January 15, 8:00PM-8:15PM ET",price_change,DOWN,0.78,2502.86,0.79,0.8
2026-01-16 09:07:33,447,"Bitcoin Up or Down - January 15, 8:00PM-8:15PM ET",price_change,UP,0.2,4918.71,0.2,0.21
2026-01-16 09:07:33,447,"Bitcoin Up or Down - January 15, 8:00PM-8:15PM ET",price_change,DOWN,0.77,377.74,0.79,0.8
2026-01-16 09:07:34,446,"Bitcoin Up or Down - January 15, 8:00PM-8:15PM ET",price_change,DOWN,0.79,172.41,0.79,0.8
2026-01-16 09:07:34,446,"Bitcoin Up or Down - January 15, 8:00PM-8:15PM ET",price_change,UP,0.16,564.92,0.2,0.21
2026-01-16 09:07:35,445,"Bitcoin Up or Down - January 15, 8:00PM-8:15PM ET",price_change,UP,0.13,405,0.2,0.21
2026-01-16 09:07:35,445,"Bitcoin Up or Down - January 15, 8:00PM-8:15PM ET",price_change,DOWN,0.58,325,0.79,0.8
2026-01-16 09:07:36,444,"Bitcoin Up or Down - January 15, 8:00PM-8:15PM ET",price_change,DOWN,0.77,358.74,0.79,0.8
2026-01-16 09:07:36,444,"Bitcoin Up or Down - January 15, 8:00PM-8:15PM ET",price_change,UP,0.17,257,0.2,0.21
2026-01-16 09:07:37,443,"Bitcoin Up or Down - January 15, 8:00PM-8:15PM ET",price_change,DOWN,0.77,313.74,0.79,0.8
2026-01-16 09:07:37,443,"Bitcoin Up or Down - January 15, 8:00PM-8:15PM ET",price_change,UP,0.12,407.87,0.2,0.21
2026-01-16 09:07:38,442,"Bitcoin Up or Down - January 15, 8:00PM-8:15PM ET",price_change,UP,0.12,407.87,0.2,0.21
2026-01-16 09:07:38,442,"Bitcoin Up or Down - January 15, 8:00PM-8:15PM ET",price_change,DOWN,0.79,254.12,0.79,0.8
2026-01-16 09:07:39,441,"Bitcoin Up or Down - January 15, 8:00PM-8:15PM ET",price_change,DOWN,0.79,266.62,0.79,0.8
2026-01-16 09:07:39,441,"Bitcoin Up or Down - January 15, 8:00PM-8:15PM ET",price_change,UP,0.08,396.73,0.2,0.21
2026-01-16 09:07:40,440,"Bitcoin Up or Down - January 15, 8:00PM-8:15PM ET",price_change,UP,0.12,407.87,0.2,0.21
2026-01-16 09:07:40,440,"Bitcoin Up or Down - January 15, 8:00PM-8:15PM ET",price_change,DOWN,0.77,375.74,0.79,0.8
2026-01-16 09:07:41,439,"Bitcoin Up or Down - January 15, 8:00PM-8:15PM ET",price_change,UP,0.18,3085.42,0.2,0.21
2026-01-16 09:07:41,439,"Bitcoin Up or Down - January 15, 8:00PM-8:15PM ET",price_change,DOWN,0.77,308.74,0.79,0.8
2026-01-16 09:07:42,438,"Bitcoin Up or Down - January 15, 8:00PM-8:15PM ET",price_change,DOWN,0.77,277.82,0.78,0.8
2026-01-16 09:07:42,438,"Bitcoin Up or Down - January 15, 8:00PM-8:15PM ET",price_change,UP,0.17,395.92,0.2,0.22
2026-01-16 09:07:43,437,"Bitcoin Up or Down - January 15, 8:00PM-8:15PM ET",price_change,UP,0.13,397,0.2,0.22
2026-01-16 09:07:43,437,"Bitcoin Up or Down - January 15, 8:00PM-8:15PM ET",price_change,DOWN,0.77,316.82,0.78,0.8
2026-01-16 09:07:44,436,"Bitcoin Up or Down - January 15, 8:00PM-8:15PM ET",price_change,UP,0.17,513.92,0.2,0.21
2026-01-16 09:07:44,436,"Bitcoin Up or Down - January 15, 8:00PM-8:15PM ET",price_change,DOWN,0.77,305.82,0.79,0.8
2026-01-16 09:07:45,435,"Bitcoin Up or Down - January 15, 8:00PM-8:15PM ET",price_change,DOWN,0.77,253.82,0.79,0.8
2026-01-16 09:07:45,435,"Bitcoin Up or Down - January 15, 8:00PM-8:15PM ET",price_change,UP,0.17,507.92,0.2,0.21
2026-01-16 09:07:46,434,"Bitcoin Up or Down - January 15, 8:00PM-8:15PM ET",price_change,UP,0.2,4842.74,0.2,0.21
2026-01-16 09:07:46,434,"Bitcoin Up or Down - January 15, 8:00PM-8:15PM ET",price_change,DOWN,0.48,521.83,0.79,0.8
2026-01-16 09:07:47,433,"Bitcoin Up or Down - January 15, 8:00PM-8:15PM ET",price_change,UP,0.17,345.92,0.2,0.21
2026-01-16 09:07:47,433,"Bitcoin Up or Down - January 15, 8:00PM-8:15PM ET",price_change,DOWN,0.77,247.82,0.79,0.8
2026-01-16 09:07:48,432,"Bitcoin Up or Down - January 15, 8:00PM-8:15PM ET",price_change,UP,0.2,4784.36,0.2,0.21
2026-01-16 09:07:48,432,"Bitcoin Up or Down - January 15, 8:00PM-8:15PM ET",price_change,DOWN,0.77,253.82,0.79,0.8
2026-01-16 09:07:49,431,"Bitcoin Up or Down - January 15, 8:00PM-8:15PM ET",price_change,DOWN,0.79,123.9,0.79,0.8
2026-01-16 09:07:49,431,"Bitcoin Up or Down - January 15, 8:00PM-8:15PM ET",price_change,UP,0.12,417.87,0.2,0.21
2026-01-16 09:07:50,430,"Bitcoin Up or Down - January 15, 8:00PM-8:15PM ET",price_change,UP,0.12,417.87,0.2,0.21
2026-01-16 09:07:50,430,"Bitcoin Up or Down - January 15, 8:00PM-8:15PM ET",price_change,DOWN,0.77,241,0.79,0.8
2026-01-16 09:07:51,429,"Bitcoin Up or Down - January 15, 8:00PM-8:15PM ET",price_change,UP,0.17,377.92,0.2,0.21
2026-01-16 09:07:51,429,"Bitcoin Up or Down - January 15, 8:00PM-8:15PM ET",price_change,DOWN,0.77,253,0.79,0.8
2026-01-16 09:07:52,428,"Bitcoin Up or Down - January 15, 8:00PM-8:15PM ET",price_change,UP,0.12,417.87,0.2,0.21
2026-01-16 09:07:52,428,"Bitcoin Up or Down - January 15, 8:00PM-8:15PM ET",price_change,DOWN,0.79,138.9,0.79,0.8
2026-01-16 09:07:53,427,"Bitcoin Up or Down - January 15, 8:00PM-8:15PM ET",price_change,UP,0.17,378.92,0.2,0.21
2026-01-16 09:07:53,427,"Bitcoin Up or Down - January 15, 8:00PM-8:15PM ET",price_change,DOWN,0.77,259,0.79,0.8
2026-01-16 09:07:54,426,"Bitcoin Up or Down - January 15, 8:00PM-8:15PM ET",price_change,UP,0.17,382.92,0.2,0.21
2026-01-16 09:07:54,426,"Bitcoin Up or Down - January 15, 8:00PM-8:15PM ET",price_change,DOWN,0.77,253,0.79,0.8
2026-01-16 09:07:55,425,"Bitcoin Up or Down - January 15, 8:00PM-8:15PM ET",price_change,UP,0.17,353.92,0.2,0.21
2026-01-16 09:07:55,425,"Bitcoin Up or Down - January 15, 8:00PM-8:15PM ET",price_change,DOWN,0.77,224,0.79,0.8
2026-01-16 09:07:56,424,"Bitcoin Up or Down - January 15, 8:00PM-8:15PM ET",price_change,UP,0.11,3189.87,0.2,0.21
2026-01-16 09:07:56,424,"Bitcoin Up or Down - January 15, 8:00PM-8:15PM ET",price_change,DOWN,0.77,195.5,0.79,0.8
2026-01-16 09:07:57,423,"Bitcoin Up or Down - January 15, 8:00PM-8:15PM ET",price_change,UP,0.11,3189.87,0.2,0.21
2026-01-16 09:07:57,423,"Bitcoin Up or Down - January 15, 8:00PM-8:15PM ET",price_change,DOWN,0.79,187.23,0.79,0.8
2026-01-16 09:07:58,422,"Bitcoin Up or Down - January 15, 8:00PM-8:15PM ET",price_change,UP,0.11,3189.87,0.2,0.21
2026-01-16 09:07:58,422,"Bitcoin Up or Down - January 15, 8:00PM-8:15PM ET",price_change,DOWN,0.77,281.5,0.79,0.8
2026-01-16 09:07:59,421,"Bitcoin Up or Down - January 15, 8:00PM-8:15PM ET",price_change,UP,0.11,3189.87,0.2,0.21
2026-01-16 09:07:59,421,"Bitcoin Up or Down - January 15, 8:00PM-8:15PM ET",price_change,DOWN,0.78,307.92,0.79,0.8
2026-01-16 09:08:00,420,"Bitcoin Up or Down - January 15, 8:00PM-8:15PM ET",price_change,UP,0.11,3189.87,0.2,0.21
2026-01-16 09:08:00,420,"Bitcoin Up or Down - January 15, 8:00PM-8:15PM ET",price_change,DOWN,0.77,338.5,0.79,0.8
2026-01-16 09:08:01,419,"Bitcoin Up or Down - January 15, 8:00PM-8:15PM ET",price_change,UP,0.2,4265.65,0.2,0.21
2026-01-16 09:08:01,419,"Bitcoin Up or Down - January 15, 8:00PM-8:15PM ET",price_change,DOWN,0.79,2156,0.79,0.8
2026-01-16 09:08:02,418,"Bitcoin Up or Down - January 15, 8:00PM-8:15PM ET",price_change,UP,0.1,676,0.2,0.21
2026-01-16 09:08:02,418,"Bitcoin Up or Down - January 15, 8:00PM-8:15PM ET",price_change,DOWN,0.79,2161,0.79,0.8
2026-01-16 09:08:03,417,"Bitcoin Up or Down - January 15, 8:00PM-8:15PM ET",price_change,UP,0.1,676,0.2,0.21
2026-01-16 09:08:03,417,"Bitcoin Up or Down - January 15, 8:00PM-8:15PM ET",price_change,DOWN,0.77,292.5,0.79,0.8
2026-01-16 09:08:04,416,"Bitcoin Up or Down - January 15, 8:00PM-8:15PM ET",price_change,UP,0.1,676,0.2,0.21
2026-01-16 09:08:04,416,"Bitcoin Up or Down - January 15, 8:00PM-8:15PM ET",price_change,DOWN,0.72,327.83,0.79,0.8
2026-01-16 09:08:05,415,"Bitcoin Up or Down - January 15, 8:00PM-8:15PM ET",price_change,UP,0.1,676,0.2,0.21
2026-01-16 09:08:05,415,"Bitcoin Up or Down - January 15, 8:00PM-8:15PM ET",price_change,DOWN,0.01,8946.76,0.79,0.8
2026-01-16 09:08:06,414,"Bitcoin Up or Down - January 15, 8:00PM-8:15PM ET",price_change,UP,0.17,107,0.2,0.21
2026-01-16 09:08:06,414,"Bitcoin Up or Down - January 15, 8:00PM-8:15PM ET",price_change,DOWN,0.78,258,0.79,0.8
2026-01-16 09:08:07,413,"Bitcoin Up or Down - January 15, 8:00PM-8:15PM ET",price_change,UP,0.17,101,0.2,0.21
2026-01-16 09:08:07,413,"Bitcoin Up or Down - January 15, 8:00PM-8:15PM ET",price_change,DOWN,0.77,351.42,0.79,0.8
2026-01-16 09:08:08,412,"Bitcoin Up or Down - January 15, 8:00PM-8:15PM ET",price_change,UP,0.1,676,0.2,0.21
2026-01-16 09:08:08,412,"Bitcoin Up or Down - January 15, 8:00PM-8:15PM ET",price_change,DOWN,0.77,340.92,0.79,0.8
2026-01-16 09:08:09,411,"Bitcoin Up or Down - January 15, 8:00PM-8:15PM ET",price_change,UP,0.1,686,0.2,0.21
2026-01-16 09:08:09,411,"Bitcoin Up or Down - January 15, 8:00PM-8:15PM ET",price_change,DOWN,0.78,274.5,0.79,0.8
2026-01-16 09:08:10,410,"Bitcoin Up or Down - January 15, 8:00PM-8:15PM ET",price_change,UP,0.1,11676,0.2,0.21
2026-01-16 09:08:10,410,"Bitcoin Up or Down - January 15, 8:00PM-8:15PM ET",price_change,DOWN,0.79,2753.82,0.79,0.8
2026-01-16 09:08:11,409,"Bitcoin Up or Down - January 15, 8:00PM-8:15PM ET",price_change,UP,0.1,11676,0.2,0.21
2026-01-16 09:08:11,409,"Bitcoin Up or Down - January 15, 8:00PM-8:15PM ET",price_change,DOWN,0.77,346.92,0.79,0.8
2026-01-16 09:08:12,408,"Bitcoin Up or Down - January 15, 8:00PM-8:15PM ET",price_change,UP,0.17,112,0.2,0.21
2026-01-16 09:08:12,408,"Bitcoin Up or Down - January 15, 8:00PM-8:15PM ET",price_change,DOWN,0.77,503.92,0.79,0.8
2026-01-16 09:08:13,407,"Bitcoin Up or Down - January 15, 8:00PM-8:15PM ET",price_change,DOWN,0.77,497.92,0.79,0.8
2026-01-16 09:08:13,407,"Bitcoin Up or Down - January 15, 8:00PM-8:15PM ET",price_change,UP,0.17,121.85,0.2,0.21
2026-01-16 09:08:14,406,"Bitcoin Up or Down - January 15, 8:00PM-8:15PM ET",price_change,DOWN,0.77,479.92,0.79,0.8
2026-01-16 09:08:14,406,"Bitcoin Up or Down - January 15, 8:00PM-8:15PM ET",price_change,UP,0.17,100,0.2,0.21
2026-01-16 09:08:15,405,"Bitcoin Up or Down - January 15, 8:00PM-8:15PM ET",price_change,UP,0.09,426.54,0.2,0.21
2026-01-16 09:08:15,405,"Bitcoin Up or Down - January 15, 8:00PM-8:15PM ET",price_change,DOWN,0.48,541.83,0.79,0.8
2026-01-16 09:08:16,404,"Bitcoin Up or Down - January 15, 8:00PM-8:15PM ET",price_change,UP,0.09,426.54,0.2,0.21
2026-01-16 09:08:16,404,"Bitcoin Up or Down - January 15, 8:00PM-8:15PM ET",price_change,DOWN,0.77,515.92,0.79,0.8
2026-01-16 09:08:17,403,"Bitcoin Up or Down - January 15, 8:00PM-8:15PM ET",price_change,UP,0.09,426.54,0.2,0.21
2026-01-16 09:08:17,403,"Bitcoin Up or Down - January 15, 8:00PM-8:15PM ET",price_change,DOWN,0.75,317.92,0.79,0.8
2026-01-16 09:08:18,402,"Bitcoin Up or Down - January 15, 8:00PM-8:15PM ET",price_change,UP,0.09,426.54,0.2,0.21
2026-01-16 09:08:18,402,"Bitcoin Up or Down - January 15, 8:00PM-8:15PM ET",price_change,DOWN,0.48,577.69,0.79,0.8
2026-01-16 09:08:19,401,"Bitcoin Up or Down - January 15, 8:00PM-8:15PM ET",price_change,UP,0.17,118,0.2,0.21
2026-01-16 09:08:19,401,"Bitcoin Up or Down - January 15, 8:00PM-8:15PM ET",price_change,DOWN,0.77,543.92,0.79,0.8
2026-01-16 09:08:20,400,"Bitcoin Up or Down - January 15, 8:00PM-8:15PM ET",price_change,UP,0.09,426.54,0.2,0.21
2026-01-16 09:08:20,400,"Bitcoin Up or Down - January 15, 8:00PM-8:15PM ET",price_change,DOWN,0.78,368.5,0.79,0.8
2026-01-16 09:08:21,399,"Bitcoin Up or Down - January 15, 8:00PM-8:15PM ET",price_change,DOWN,0.78,437.5,0.79,0.8
2026-01-16 09:08:21,399,"Bitcoin Up or Down - January 15, 8:00PM-8:15PM ET",price_change,UP,0.09,426.54,0.2,0.21
2026-01-16 09:08:22,398,"Bitcoin Up or Down - January 15, 8:00PM-8:15PM ET",price_change,UP,0.17,113,0.2,0.21
2026-01-16 09:08:22,398,"Bitcoin Up or Down - January 15, 8:00PM-8:15PM ET",price_change,DOWN,0.77,468.92,0.79,0.8
2026-01-16 09:08:23,397,"Bitcoin Up or Down - January 15, 8:00PM-8:15PM ET",price_change,DOWN,0.78,443.5,0.79,0.8
2026-01-16 09:08:23,397,"Bitcoin Up or Down - January 15, 8:00PM-8:15PM ET",price_change,UP,0.09,426.54,0.2,0.21
2026-01-16 09:08:24,396,"Bitcoin Up or Down - January 15, 8:00PM-8:15PM ET",price_change,DOWN,0.78,454.5,0.79,0.8
2026-01-16 09:08:24,396,"Bitcoin Up or Down - January 15, 8:00PM-8:15PM ET",price_change,UP,0.17,138.85,0.2,0.21
2026-01-16 09:08:25,395,"Bitcoin Up or Down - January 15, 8:00PM-8:15PM ET",price_change,DOWN,0.78,437.5,0.79,0.8
2026-01-16 09:08:25,395,"Bitcoin Up or Down - January 15, 8:00PM-8:15PM ET",price_change,UP,0.17,132.85,0.2,0.21
2026-01-16 09:08:26,394,"Bitcoin Up or Down - January 15, 8:00PM-8:15PM ET",price_change,DOWN,0.78,437.5,0.79,0.8
2026-01-16 09:08:26,394,"Bitcoin Up or Down - January 15, 8:00PM-8:15PM ET",price_change,UP,0.08,396.73,0.2,0.21
2026-01-16 09:08:27,393,"Bitcoin Up or Down - January 15, 8:00PM-8:15PM ET",price_change,UP,0.19,360.92,0.2,0.21
2026-01-16 09:08:27,393,"Bitcoin Up or Down - January 15, 8:00PM-8:15PM ET",price_change,DOWN,0.78,437.5,0.79,0.8
2026-01-16 09:08:28,392,"Bitcoin Up or Down - January 15, 8:00PM-8:15PM ET",price_change,UP,0.08,396.73,0.2,0.21
2026-01-16 09:08:28,392,"Bitcoin Up or Down - January 15, 8:00PM-8:15PM ET",price_change,DOWN,0.79,2889.51,0.79,0.8
2026-01-16 09:08:29,391,"Bitcoin Up or Down - January 15, 8:00PM-8:15PM ET",price_change,UP,0.17,193.77,0.2,0.21
2026-01-16 09:08:29,391,"Bitcoin Up or Down - January 15, 8:00PM-8:15PM ET",price_change,DOWN,0.78,472.5,0.79,0.8
2026-01-16 09:08:30,390,"Bitcoin Up or Down - January 15, 8:00PM-8:15PM ET",price_change,UP,0.17,177.92,0.2,0.21
2026-01-16 09:08:30,390,"Bitcoin Up or Down - January 15, 8:00PM-8:15PM ET",price_change,DOWN,0.78,461.5,0.79,0.8
2026-01-16 09:08:31,389,"Bitcoin Up or Down - January 15, 8:00PM-8:15PM ET",price_change,UP,0.08,396.73,0.2,0.21
2026-01-16 09:08:31,389,"Bitcoin Up or Down - January 15, 8:00PM-8:15PM ET",price_change,DOWN,0.79,2619.26,0.79,0.8
2026-01-16 09:08:32,388,"Bitcoin Up or Down - January 15, 8:00PM-8:15PM ET",price_change,UP,0.2,2831.64,0.2,0.21
2026-01-16 09:08:32,388,"Bitcoin Up or Down - January 15, 8:00PM-8:15PM ET",price_change,DOWN,0.77,526.92,0.79,0.8
2026-01-16 09:08:33,387,"Bitcoin Up or Down - January 15, 8:00PM-8:15PM ET",price_change,UP,0.05,428.33,0.2,0.21
2026-01-16 09:08:33,387,"Bitcoin Up or Down - January 15, 8:00PM-8:15PM ET",price_change,DOWN,0.78,484.5,0.79,0.8
2026-01-16 09:08:34,386,"Bitcoin Up or Down - January 15, 8:00PM-8:15PM ET",price_change,UP,0.17,177.92,0.2,0.21
2026-01-16 09:08:34,386,"Bitcoin Up or Down - January 15, 8:00PM-8:15PM ET",price_change,DOWN,0.47,473.4,0.79,0.8
2026-01-16 09:08:35,385,"Bitcoin Up or Down - January 15, 8:00PM-8:15PM ET",price_change,UP,0.05,428.33,0.2,0.21
2026-01-16 09:08:35,385,"Bitcoin Up or Down - January 15, 8:00PM-8:15PM ET",price_change,DOWN,0.59,312,0.79,0.8
2026-01-16 09:08:36,384,"Bitcoin Up or Down - January 15, 8:00PM-8:15PM ET",price_change,UP,0.05,428.33,0.2,0.21
2026-01-16 09:08:36,384,"Bitcoin Up or Down - January 15, 8:00PM-8:15PM ET",price_change,DOWN,0.78,498.92,0.79,0.8
2026-01-16 09:08:37,383,"Bitcoin Up or Down - January 15, 8:00PM-8:15PM ET",price_change,UP,0.05,433.33,0.2,0.21
2026-01-16 09:08:37,383,"Bitcoin Up or Down - January 15, 8:00PM-8:15PM ET",price_change,DOWN,0.78,511.92,0.79,0.8
2026-01-16 09:08:38,382,"Bitcoin Up or Down - January 15, 8:00PM-8:15PM ET",price_change,UP,0.05,433.33,0.2,0.21
2026-01-16 09:08:38,382,"Bitcoin Up or Down - January 15, 8:00PM-8:15PM ET",price_change,DOWN,0.78,523.92,0.79,0.8
2026-01-16 09:08:39,381,"Bitcoin Up or Down - January 15, 8:00PM-8:15PM ET",price_change,DOWN,0.77,512.92,0.79,0.8
2026-01-16 09:08:39,381,"Bitcoin Up or Down - January 15, 8:00PM-8:15PM ET",price_change,UP,0.16,186.92,0.2,0.21
2026-01-16 09:08:40,380,"Bitcoin Up or Down - January 15, 8:00PM-8:15PM ET",price_change,UP,0.04,232,0.2,0.21
2026-01-16 09:08:40,380,"Bitcoin Up or Down - January 15, 8:00PM-8:15PM ET",price_change,DOWN,0.79,580.36,0.79,0.8
2026-01-16 09:08:41,379,"Bitcoin Up or Down - January 15, 8:00PM-8:15PM ET",price_change,UP,0.04,237,0.2,0.21
2026-01-16 09:08:41,379,"Bitcoin Up or Down - January 15, 8:00PM-8:15PM ET",price_change,DOWN,0.79,551.36,0.79,0.8
2026-01-16 09:08:42,378,"Bitcoin Up or Down - January 15, 8:00PM-8:15PM ET",price_change,UP,0.04,237,0.2,0.21
2026-01-16 09:08:42,378,"Bitcoin Up or Down - January 15, 8:00PM-8:15PM ET",price_change,DOWN,0.79,528.92,0.79,0.8
2026-01-16 09:08:43,377,"Bitcoin Up or Down - January 15, 8:00PM-8:15PM ET",price_change,UP,0.04,237,0.2,0.21
2026-01-16 09:08:43,377,"Bitcoin Up or Down - January 15, 8:00PM-8:15PM ET",price_change,DOWN,0.78,453,0.79,0.8
2026-01-16 09:08:44,376,"Bitcoin Up or Down - January 15, 8:00PM-8:15PM ET",price_change,DOWN,0.78,453,0.79,0.8
2026-01-16 09:08:44,376,"Bitcoin Up or Down - January 15, 8:00PM-8:15PM ET",price_change,UP,0.04,237,0.2,0.21
2026-01-16 09:08:45,375,"Bitcoin Up or Down - January 15, 8:00PM-8:15PM ET",price_change,UP,0.17,145,0.2,0.21
2026-01-16 09:08:45,375,"Bitcoin Up or Down - January 15, 8:00PM-8:15PM ET",price_change,DOWN,0.6,322,0.79,0.8
2026-01-16 09:08:46,374,"Bitcoin Up or Down - January 15, 8:00PM-8:15PM ET",price_change,DOWN,0.78,470,0.79,0.8
2026-01-16 09:08:46,374,"Bitcoin Up or Down - January 15, 8:00PM-8:15PM ET",price_change,UP,0.03,45960.48,0.2,0.21
2026-01-16 09:08:47,373,"Bitcoin Up or Down - January 15, 8:00PM-8:15PM ET",price_change,UP,0.17,119,0.2,0.21
2026-01-16 09:08:47,373,"Bitcoin Up or Down - January 15, 8:00PM-8:15PM ET",price_change,DOWN,0.78,459,0.79,0.8
2026-01-16 09:08:48,372,"Bitcoin Up or Down - January 15, 8:00PM-8:15PM ET",price_change,DOWN,0.78,441,0.79,0.8
2026-01-16 09:08:48,372,"Bitcoin Up or Down - January 15, 8:00PM-8:15PM ET",price_change,UP,0.17,96,0.2,0.21
2026-01-16 09:08:49,371,"Bitcoin Up or Down - January 15, 8:00PM-8:15PM ET",price_change,UP,0.17,90,0.2,0.21
2026-01-16 09:08:49,371,"Bitcoin Up or Down - January 15, 8:00PM-8:15PM ET",price_change,DOWN,0.78,480,0.79,0.8
2026-01-16 09:08:50,370,"Bitcoin Up or Down - January 15, 8:00PM-8:15PM ET",price_change,UP,0.03,45996.48,0.2,0.21
2026-01-16 09:08:50,370,"Bitcoin Up or Down - January 15, 8:00PM-8:15PM ET",price_change,DOWN,0.6,312,0.79,0.8
2026-01-16 09:08:51,369,"Bitcoin Up or Down - January 15, 8:00PM-8:15PM ET",price_change,UP,0.03,45996.48,0.2,0.21
2026-01-16 09:08:51,369,"Bitcoin Up or Down - January 15, 8:00PM-8:15PM ET",price_change,DOWN,0.6,322,0.79,0.8
2026-01-16 09:08:52,368,"Bitcoin Up or Down - January 15, 8:00PM-8:15PM ET",price_change,UP,0.03,45996.48,0.2,0.21
2026-01-16 09:08:52,368,"Bitcoin Up or Down - January 15, 8:00PM-8:15PM ET",price_change,DOWN,0.77,548.92,0.79,0.8
2026-01-16 09:08:53,367,"Bitcoin Up or Down - January 15, 8:00PM-8:15PM ET",price_change,UP,0.03,46001.48,0.2,0.21
2026-01-16 09:08:53,367,"Bitcoin Up or Down - January 15, 8:00PM-8:15PM ET",price_change,DOWN,0.78,413,0.79,0.8
2026-01-16 09:08:54,366,"Bitcoin Up or Down - January 15, 8:00PM-8:15PM ET",price_change,UP,0.03,45965.48,0.2,0.21
2026-01-16 09:08:54,366,"Bitcoin Up or Down - January 15, 8:00PM-8:15PM ET",price_change,DOWN,0.78,442,0.79,0.8
2026-01-16 09:08:55,365,"Bitcoin Up or Down - January 15, 8:00PM-8:15PM ET",price_change,UP,0.02,3247.63,0.2,0.21
2026-01-16 09:08:55,365,"Bitcoin Up or Down - January 15, 8:00PM-8:15PM ET",price_change,DOWN,0.77,534.92,0.79,0.8
2026-01-16 09:08:56,364,"Bitcoin Up or Down - January 15, 8:00PM-8:15PM ET",price_change,UP,0.02,3247.63,0.2,0.21
2026-01-16 09:08:56,364,"Bitcoin Up or Down - January 15, 8:00PM-8:15PM ET",price_change,DOWN,0.62,322,0.79,0.8
2026-01-16 09:08:57,363,"Bitcoin Up or Down - January 15, 8:00PM-8:15PM ET",price_change,DOWN,0.79,593.53,0.79,0.8
2026-01-16 09:08:57,363,"Bitcoin Up or Down - January 15, 8:00PM-8:15PM ET",price_change,UP,0.02,3247.63,0.2,0.21
2026-01-16 09:08:58,362,"Bitcoin Up or Down - January 15, 8:00PM-8:15PM ET",price_change,UP,0.02,3247.63,0.2,0.21
2026-01-16 09:08:58,362,"Bitcoin Up or Down - January 15, 8:00PM-8:15PM ET",price_change,DOWN,0.79,606.53,0.79,0.8
2026-01-16 09:08:59,361,"Bitcoin Up or Down - January 15, 8:00PM-8:15PM ET",price_change,UP,0.02,3247.63,0.18,0.2
2026-01-16 09:08:59,361,"Bitcoin Up or Down - January 15, 8:00PM-8:15PM ET",price_change,DOWN,0.79,464.61,0.8,0.82
2026-01-16 09:09:00,360,"Bitcoin Up or Down - January 15, 8:00PM-8:15PM ET",price_change,UP,0.18,2377.98,0.18,0.19
2026-01-16 09:09:00,360,"Bitcoin Up or Down - January 15, 8:00PM-8:15PM ET",price_change,DOWN,0.7,422,0.81,0.82
2026-01-16 09:09:01,359,"Bitcoin Up or Down - January 15, 8:00PM-8:15PM ET",price_change,DOWN,0.56,317,0.81,0.82
2026-01-16 09:09:01,359,"Bitcoin Up or Down - January 15, 8:00PM-8:15PM ET",price_change,UP,0.01,9536.23,0.18,0.19
2026-01-16 09:09:02,358,"Bitcoin Up or Down - January 15, 8:00PM-8:15PM ET",price_change,UP,0.01,9341.23,0.18,0.19
2026-01-16 09:09:02,358,"Bitcoin Up or Down - January 15, 8:00PM-8:15PM ET",price_change,DOWN,0.8,308.71,0.81,0.82
2026-01-16 09:09:03,357,"Bitcoin Up or Down - January 15, 8:00PM-8:15PM ET",price_change,UP,0.01,9336.23,0.18,0.19
2026-01-16 09:09:03,357,"Bitcoin Up or Down - January 15, 8:00PM-8:15PM ET",price_change,DOWN,0.81,712.52,0.81,0.82
2026-01-16 09:09:04,356,"Bitcoin Up or Down - January 15, 8:00PM-8:15PM ET",price_change,UP,0.01,9357.03,0.18,0.19
2026-01-16 09:09:04,356,"Bitcoin Up or Down - January 15, 8:00PM-8:15PM ET",price_change,DOWN,0.81,682.18,0.81,0.82
2026-01-16 09:09:05,355,"Bitcoin Up or Down - January 15, 8:00PM-8:15PM ET",price_change,UP,0.15,9364,0.18,0.19
2026-01-16 09:09:05,355,"Bitcoin Up or Down - January 15, 8:00PM-8:15PM ET",price_change,DOWN,0.8,408.71,0.81,0.82
2026-01-16 09:09:06,354,"Bitcoin Up or Down - January 15, 8:00PM-8:15PM ET",price_change,UP,0.01,9357.03,0.18,0.19
2026-01-16 09:09:06,354,"Bitcoin Up or Down - January 15, 8:00PM-8:15PM ET",price_change,DOWN,0.81,1084.36,0.81,0.82
2026-01-16 09:09:07,353,"Bitcoin Up or Down - January 15, 8:00PM-8:15PM ET",price_change,DOWN,0.64,372,0.82,0.83
2026-01-16 09:09:07,353,"Bitcoin Up or Down - January 15, 8:00PM-8:15PM ET",price_change,UP,0.05,468.33,0.17,0.18
2026-01-16 09:09:08,352,"Bitcoin Up or Down - January 15, 8:00PM-8:15PM ET",price_change,DOWN,0.82,51.48,0.82,0.83
2026-01-16 09:09:08,352,"Bitcoin Up or Down - January 15, 8:00PM-8:15PM ET",price_change,UP,0.03,45996.48,0.17,0.18
2026-01-16 09:09:09,351,"Bitcoin Up or Down - January 15, 8:00PM-8:15PM ET",price_change,UP,0.03,45996.48,0.18,0.19
2026-01-16 09:09:09,351,"Bitcoin Up or Down - January 15, 8:00PM-8:15PM ET",price_change,DOWN,0.47,473.4,0.81,0.82
2026-01-16 09:09:10,350,"Bitcoin Up or Down - January 15, 8:00PM-8:15PM ET",price_change,UP,0.03,45996.48,0.18,0.19
2026-01-16 09:09:10,350,"Bitcoin Up or Down - January 15, 8:00PM-8:15PM ET",price_change,DOWN,0.81,596.39,0.81,0.82
2026-01-16 09:09:11,349,"Bitcoin Up or Down - January 15, 8:00PM-8:15PM ET",price_change,UP,0.15,9550,0.16,0.18
2026-01-16 09:09:11,349,"Bitcoin Up or Down - January 15, 8:00PM-8:15PM ET",price_change,DOWN,0.81,773.39,0.82,0.84
2026-01-16 09:09:12,348,"Bitcoin Up or Down - January 15, 8:00PM-8:15PM ET",price_change,UP,0.01,9352.03,0.16,0.17
2026-01-16 09:09:12,348,"Bitcoin Up or Down - January 15, 8:00PM-8:15PM ET",price_change,DOWN,0.81,889.97,0.83,0.84
2026-01-16 09:09:13,347,"Bitcoin Up or Down - January 15, 8:00PM-8:15PM ET",price_change,UP,0.01,9352.03,0.16,0.17
2026-01-16 09:09:13,347,"Bitcoin Up or Down - January 15, 8:00PM-8:15PM ET",price_change,DOWN,0.81,867.97,0.83,0.84
2026-01-16 09:09:14,346,"Bitcoin Up or Down - January 15, 8:00PM-8:15PM ET",price_change,DOWN,0.8,468.08,0.83,0.85
2026-01-16 09:09:14,346,"Bitcoin Up or Down - January 15, 8:00PM-8:15PM ET",price_change,UP,0.01,9372.83,0.15,0.17
2026-01-16 09:09:15,345,"Bitcoin Up or Down - January 15, 8:00PM-8:15PM ET",price_change,DOWN,0.82,278,0.84,0.85
2026-01-16 09:09:15,345,"Bitcoin Up or Down - January 15, 8:00PM-8:15PM ET",price_change,UP,0.09,325.54,0.15,0.16
