timestamp,left (real time),event,event_type,buy_pick,buy_price,buy_size,buy_best_bid,buy_best_ask
2026-01-13 18:33:56,664,"Bitcoin Up or Down - January 13, 5:30AM-5:45AM ET",price_change,DOWN,0.45,1327,0.49,0.5
2026-01-13 18:33:56,664,"Bitcoin Up or Down - January 13, 5:30AM-5:45AM ET",price_change,UP,0.41,1417,0.5,0.51
2026-01-13 18:33:56,663,"Bitcoin Up or Down - January 13, 5:30AM-5:45AM ET",price_change,DOWN,0.45,1327,0.49,0.5
2026-01-13 18:33:56,663,"Bitcoin Up or Down - January 13, 5:30AM-5:45AM ET",price_change,UP,0.33,775.9,0.5,0.51
2026-01-13 18:33:57,662,"Bitcoin Up or Down - January 13, 5:30AM-5:45AM ET",price_change,UP,0.45,1466,0.5,0.51
2026-01-13 18:33:57,662,"Bitcoin Up or Down - January 13, 5:30AM-5:45AM ET",price_change,DOWN,0.45,1307,0.49,0.5
2026-01-13 18:33:58,661,"Bitcoin Up or Down - January 13, 5:30AM-5:45AM ET",price_change,UP,0.45,1476,0.5,0.51
2026-01-13 18:33:58,661,"Bitcoin Up or Down - January 13, 5:30AM-5:45AM ET",price_change,DOWN,0.39,1443.82,0.49,0.5
2026-01-13 18:33:59,660,"Bitcoin Up or Down - January 13, 5:30AM-5:45AM ET",price_change,UP,0.41,1412,0.5,0.51
2026-01-13 18:33:59,660,"Bitcoin Up or Down - January 13, 5:30AM-5:45AM ET",price_change,DOWN,0.45,1327,0.49,0.5
2026-01-13 18:34:00,659,"Bitcoin Up or Down - January 13, 5:30AM-5:45AM ET",price_change,DOWN,0.3,1534.2,0.49,0.5
2026-01-13 18:34:00,659,"Bitcoin Up or Down - January 13, 5:30AM-5:45AM ET",price_change,UP,0.3,16.2,0.5,0.51
2026-01-13 18:34:01,658,"Bitcoin Up or Down - January 13, 5:30AM-5:45AM ET",price_change,UP,0.45,1682,0.5,0.51
2026-01-13 18:34:01,658,"Bitcoin Up or Down - January 13, 5:30AM-5:45AM ET",price_change,DOWN,0.45,1337,0.49,0.5
2026-01-13 18:34:02,657,"Bitcoin Up or Down - January 13, 5:30AM-5:45AM ET",price_change,DOWN,0.49,34.5,0.49,0.5
2026-01-13 18:34:02,657,"Bitcoin Up or Down - January 13, 5:30AM-5:45AM ET",price_change,UP,0.48,1554.74,0.5,0.51
2026-01-13 18:34:03,656,"Bitcoin Up or Down - January 13, 5:30AM-5:45AM ET",price_change,UP,0.53,640.77,0.54,0.55
2026-01-13 18:34:03,656,"Bitcoin Up or Down - January 13, 5:30AM-5:45AM ET",price_change,DOWN,0.44,1465.04,0.45,0.46
2026-01-13 18:34:04,655,"Bitcoin Up or Down - January 13, 5:30AM-5:45AM ET",price_change,DOWN,0.45,161.21,0.45,0.46
2026-01-13 18:34:04,655,"Bitcoin Up or Down - January 13, 5:30AM-5:45AM ET",price_change,UP,0.38,1031.4,0.54,0.55
2026-01-13 18:34:05,654,"Bitcoin Up or Down - January 13, 5:30AM-5:45AM ET",price_change,DOWN,0.26,1140.8,0.45,0.46
2026-01-13 18:34:05,654,"Bitcoin Up or Down - January 13, 5:30AM-5:45AM ET",price_change,UP,0.46,1388,0.54,0.55
2026-01-13 18:34:06,653,"Bitcoin Up or Down - January 13, 5:30AM-5:45AM ET",price_change,DOWN,0.44,1504.1,0.45,0.46
2026-01-13 18:34:06,653,"Bitcoin Up or Down - January 13, 5:30AM-5:45AM ET",price_change,UP,0.38,1018.4,0.54,0.55
2026-01-13 18:34:07,652,"Bitcoin Up or Down - January 13, 5:30AM-5:45AM ET",price_change,UP,0.53,1325.56,0.54,0.55
2026-01-13 18:34:07,652,"Bitcoin Up or Down - January 13, 5:30AM-5:45AM ET",price_change,DOWN,0.4,3666.4,0.45,0.46
2026-01-13 18:34:08,651,"Bitcoin Up or Down - January 13, 5:30AM-5:45AM ET",price_change,UP,0.01,12946.24,0.54,0.55
2026-01-13 18:34:08,651,"Bitcoin Up or Down - January 13, 5:30AM-5:45AM ET",price_change,DOWN,0.4,3651.4,0.45,0.46
2026-01-13 18:34:09,650,"Bitcoin Up or Down - January 13, 5:30AM-5:45AM ET",price_change,UP,0.39,891.5,0.54,0.55
2026-01-13 18:34:09,650,"Bitcoin Up or Down - January 13, 5:30AM-5:45AM ET",price_change,DOWN,0.39,1722.82,0.45,0.46
2026-01-13 18:34:10,649,"Bitcoin Up or Down - January 13, 5:30AM-5:45AM ET",price_change,UP,0.54,911.45,0.54,0.55
2026-01-13 18:34:10,649,"Bitcoin Up or Down - January 13, 5:30AM-5:45AM ET",price_change,DOWN,0.45,345.54,0.45,0.46
2026-01-13 18:34:11,648,"Bitcoin Up or Down - January 13, 5:30AM-5:45AM ET",price_change,DOWN,0.45,292.5,0.45,0.47
2026-01-13 18:34:11,648,"Bitcoin Up or Down - January 13, 5:30AM-5:45AM ET",price_change,UP,0.53,880.66,0.53,0.55
2026-01-13 18:34:12,647,"Bitcoin Up or Down - January 13, 5:30AM-5:45AM ET",price_change,DOWN,0.39,1583.82,0.46,0.47
2026-01-13 18:34:12,647,"Bitcoin Up or Down - January 13, 5:30AM-5:45AM ET",price_change,UP,0.49,1625.48,0.53,0.54
2026-01-13 18:34:13,646,"Bitcoin Up or Down - January 13, 5:30AM-5:45AM ET",price_change,UP,0.52,817,0.52,0.53
2026-01-13 18:34:13,646,"Bitcoin Up or Down - January 13, 5:30AM-5:45AM ET",price_change,DOWN,0.46,1007,0.47,0.48
2026-01-13 18:34:14,645,"Bitcoin Up or Down - January 13, 5:30AM-5:45AM ET",price_change,DOWN,0.45,1318.3,0.47,0.48
2026-01-13 18:34:14,645,"Bitcoin Up or Down - January 13, 5:30AM-5:45AM ET",price_change,UP,0.52,104,0.52,0.53
2026-01-13 18:34:15,644,"Bitcoin Up or Down - January 13, 5:30AM-5:45AM ET",price_change,UP,0.36,865.6,0.52,0.53
2026-01-13 18:34:15,644,"Bitcoin Up or Down - January 13, 5:30AM-5:45AM ET",price_change,DOWN,0.45,1263.3,0.47,0.48
2026-01-13 18:34:16,643,"Bitcoin Up or Down - January 13, 5:30AM-5:45AM ET",price_change,UP,0.47,1583.93,0.52,0.53
2026-01-13 18:34:16,643,"Bitcoin Up or Down - January 13, 5:30AM-5:45AM ET",price_change,DOWN,0.42,1061.8,0.47,0.48
2026-01-13 18:34:17,642,"Bitcoin Up or Down - January 13, 5:30AM-5:45AM ET",price_change,DOWN,0.47,972.42,0.47,0.48
2026-01-13 18:34:17,642,"Bitcoin Up or Down - January 13, 5:30AM-5:45AM ET",price_change,UP,0.51,389.5,0.52,0.53
2026-01-13 18:34:18,641,"Bitcoin Up or Down - January 13, 5:30AM-5:45AM ET",price_change,UP,0.46,1426,0.52,0.53
2026-01-13 18:34:18,641,"Bitcoin Up or Down - January 13, 5:30AM-5:45AM ET",price_change,DOWN,0.47,815.12,0.47,0.48
2026-01-13 18:34:19,640,"Bitcoin Up or Down - January 13, 5:30AM-5:45AM ET",price_change,DOWN,0.4,3873.39,0.47,0.48
2026-01-13 18:34:19,640,"Bitcoin Up or Down - January 13, 5:30AM-5:45AM ET",price_change,UP,0.48,1732,0.52,0.53
2026-01-13 18:34:20,639,"Bitcoin Up or Down - January 13, 5:30AM-5:45AM ET",price_change,DOWN,0.39,1453.82,0.47,0.48
2026-01-13 18:34:21,639,"Bitcoin Up or Down - January 13, 5:30AM-5:45AM ET",price_change,UP,0.52,85.83,0.52,0.53
2026-01-13 18:34:21,638,"Bitcoin Up or Down - January 13, 5:30AM-5:45AM ET",price_change,UP,0.41,1477,0.52,0.53
2026-01-13 18:34:21,638,"Bitcoin Up or Down - January 13, 5:30AM-5:45AM ET",price_change,DOWN,0.45,1737,0.47,0.48
2026-01-13 18:34:22,637,"Bitcoin Up or Down - January 13, 5:30AM-5:45AM ET",price_change,UP,0.47,1535.93,0.52,0.53
2026-01-13 18:34:22,637,"Bitcoin Up or Down - January 13, 5:30AM-5:45AM ET",price_change,DOWN,0.01,13150.12,0.47,0.48
2026-01-13 18:34:23,636,"Bitcoin Up or Down - January 13, 5:30AM-5:45AM ET",price_change,UP,0.48,1752,0.52,0.53
2026-01-13 18:34:23,636,"Bitcoin Up or Down - January 13, 5:30AM-5:45AM ET",price_change,DOWN,0.42,1051.3,0.47,0.48
2026-01-13 18:34:24,635,"Bitcoin Up or Down - January 13, 5:30AM-5:45AM ET",price_change,UP,0.47,1535.93,0.52,0.53
2026-01-13 18:34:24,635,"Bitcoin Up or Down - January 13, 5:30AM-5:45AM ET",price_change,DOWN,0.43,2268.67,0.47,0.48
2026-01-13 18:34:25,634,"Bitcoin Up or Down - January 13, 5:30AM-5:45AM ET",price_change,UP,0.4,1146.4,0.52,0.53
2026-01-13 18:34:25,634,"Bitcoin Up or Down - January 13, 5:30AM-5:45AM ET",price_change,DOWN,0.43,2273.67,0.47,0.48
2026-01-13 18:34:26,633,"Bitcoin Up or Down - January 13, 5:30AM-5:45AM ET",price_change,DOWN,0.43,2273.67,0.47,0.48
2026-01-13 18:34:26,633,"Bitcoin Up or Down - January 13, 5:30AM-5:45AM ET",price_change,UP,0.52,123.5,0.52,0.53
2026-01-13 18:34:27,632,"Bitcoin Up or Down - January 13, 5:30AM-5:45AM ET",price_change,UP,0.52,102.58,0.52,0.53
2026-01-13 18:34:27,632,"Bitcoin Up or Down - January 13, 5:30AM-5:45AM ET",price_change,DOWN,0.43,2273.67,0.47,0.48
2026-01-13 18:34:28,631,"Bitcoin Up or Down - January 13, 5:30AM-5:45AM ET",price_change,UP,0.5,1667.48,0.52,0.53
2026-01-13 18:34:28,631,"Bitcoin Up or Down - January 13, 5:30AM-5:45AM ET",price_change,DOWN,0.47,1210.94,0.47,0.48
2026-01-13 18:34:29,630,"Bitcoin Up or Down - January 13, 5:30AM-5:45AM ET",price_change,UP,0.5,804.98,0.51,0.52
2026-01-13 18:34:29,630,"Bitcoin Up or Down - January 13, 5:30AM-5:45AM ET",price_change,DOWN,0.48,156,0.48,0.49
2026-01-13 18:34:30,629,"Bitcoin Up or Down - January 13, 5:30AM-5:45AM ET",price_change,UP,0.38,860.5,0.51,0.52
2026-01-13 18:34:30,629,"Bitcoin Up or Down - January 13, 5:30AM-5:45AM ET",price_change,DOWN,0.37,2418.6,0.48,0.49
2026-01-13 18:34:31,628,"Bitcoin Up or Down - January 13, 5:30AM-5:45AM ET",price_change,UP,0.5,1434,0.51,0.52
2026-01-13 18:34:31,628,"Bitcoin Up or Down - January 13, 5:30AM-5:45AM ET",price_change,DOWN,0.47,1083.99,0.48,0.49
2026-01-13 18:34:32,627,"Bitcoin Up or Down - January 13, 5:30AM-5:45AM ET",price_change,DOWN,0.43,2318.67,0.48,0.49
2026-01-13 18:34:32,627,"Bitcoin Up or Down - January 13, 5:30AM-5:45AM ET",price_change,UP,0.47,1535.93,0.51,0.52
2026-01-13 18:34:33,626,"Bitcoin Up or Down - January 13, 5:30AM-5:45AM ET",price_change,UP,0.51,9.47,0.51,0.52
2026-01-13 18:34:33,626,"Bitcoin Up or Down - January 13, 5:30AM-5:45AM ET",price_change,DOWN,0.48,1035.92,0.48,0.5
2026-01-13 18:34:34,625,"Bitcoin Up or Down - January 13, 5:30AM-5:45AM ET",price_change,DOWN,0.48,1040.42,0.48,0.49
2026-01-13 18:34:34,625,"Bitcoin Up or Down - January 13, 5:30AM-5:45AM ET",price_change,UP,0.5,687.96,0.51,0.52
2026-01-13 18:34:35,624,"Bitcoin Up or Down - January 13, 5:30AM-5:45AM ET",price_change,DOWN,0.3,1534.2,0.49,0.5
2026-01-13 18:34:35,624,"Bitcoin Up or Down - January 13, 5:30AM-5:45AM ET",price_change,UP,0.32,25.38,0.5,0.51
2026-01-13 18:34:36,623,"Bitcoin Up or Down - January 13, 5:30AM-5:45AM ET",price_change,UP,0.49,486.98,0.5,0.51
2026-01-13 18:34:36,623,"Bitcoin Up or Down - January 13, 5:30AM-5:45AM ET",price_change,DOWN,0.47,1027.79,0.49,0.5
2026-01-13 18:34:37,622,"Bitcoin Up or Down - January 13, 5:30AM-5:45AM ET",price_change,DOWN,0.45,2782,0.49,0.5
2026-01-13 18:34:37,622,"Bitcoin Up or Down - January 13, 5:30AM-5:45AM ET",price_change,UP,0.45,1712,0.5,0.51
2026-01-13 18:34:38,621,"Bitcoin Up or Down - January 13, 5:30AM-5:45AM ET",price_change,DOWN,0.48,1151.5,0.49,0.5
2026-01-13 18:34:38,621,"Bitcoin Up or Down - January 13, 5:30AM-5:45AM ET",price_change,UP,0.49,277.48,0.5,0.51
2026-01-13 18:34:39,620,"Bitcoin Up or Down - January 13, 5:30AM-5:45AM ET",price_change,DOWN,0.49,2374.01,0.49,0.5
2026-01-13 18:34:39,620,"Bitcoin Up or Down - January 13, 5:30AM-5:45AM ET",price_change,UP,0.5,0,0.49,0.51
2026-01-13 18:34:40,619,"Bitcoin Up or Down - January 13, 5:30AM-5:45AM ET",price_change,DOWN,0.47,1203.49,0.49,0.51
2026-01-13 18:34:40,619,"Bitcoin Up or Down - January 13, 5:30AM-5:45AM ET",price_change,UP,0.47,1565.93,0.49,0.51
2026-01-13 18:34:41,618,"Bitcoin Up or Down - January 13, 5:30AM-5:45AM ET",price_change,DOWN,0.4,3638.39,0.5,0.51
2026-01-13 18:34:41,618,"Bitcoin Up or Down - January 13, 5:30AM-5:45AM ET",price_change,UP,0.02,8381.61,0.49,0.51
2026-01-13 18:34:42,617,"Bitcoin Up or Down - January 13, 5:30AM-5:45AM ET",price_change,UP,0.41,1437.4,0.5,0.51
2026-01-13 18:34:42,617,"Bitcoin Up or Down - January 13, 5:30AM-5:45AM ET",price_change,DOWN,0.49,879.64,0.49,0.5
2026-01-13 18:34:43,616,"Bitcoin Up or Down - January 13, 5:30AM-5:45AM ET",price_change,UP,0.5,76.1,0.5,0.51
2026-01-13 18:34:43,616,"Bitcoin Up or Down - January 13, 5:30AM-5:45AM ET",price_change,DOWN,0.49,884.55,0.49,0.5
2026-01-13 18:34:44,615,"Bitcoin Up or Down - January 13, 5:30AM-5:45AM ET",price_change,UP,0.01,12936.08,0.5,0.51
2026-01-13 18:34:44,615,"Bitcoin Up or Down - January 13, 5:30AM-5:45AM ET",price_change,DOWN,0.45,1381,0.49,0.5
2026-01-13 18:34:45,614,"Bitcoin Up or Down - January 13, 5:30AM-5:45AM ET",price_change,DOWN,0.49,627.13,0.49,0.5
2026-01-13 18:34:45,614,"Bitcoin Up or Down - January 13, 5:30AM-5:45AM ET",price_change,UP,0.49,1139.53,0.5,0.51
2026-01-13 18:34:46,613,"Bitcoin Up or Down - January 13, 5:30AM-5:45AM ET",price_change,DOWN,0.43,2048.67,0.49,0.5
2026-01-13 18:34:46,613,"Bitcoin Up or Down - January 13, 5:30AM-5:45AM ET",price_change,UP,0.45,1462,0.5,0.51
2026-01-13 18:34:47,612,"Bitcoin Up or Down - January 13, 5:30AM-5:45AM ET",price_change,DOWN,0.46,1466,0.49,0.5
2026-01-13 18:34:47,612,"Bitcoin Up or Down - January 13, 5:30AM-5:45AM ET",price_change,UP,0.5,72.6,0.5,0.51
2026-01-13 18:34:48,611,"Bitcoin Up or Down - January 13, 5:30AM-5:45AM ET",price_change,DOWN,0.47,1534.99,0.49,0.5
2026-01-13 18:34:48,611,"Bitcoin Up or Down - January 13, 5:30AM-5:45AM ET",price_change,UP,0.5,975.6,0.5,0.51
2026-01-13 18:34:49,610,"Bitcoin Up or Down - January 13, 5:30AM-5:45AM ET",price_change,UP,0.5,1080.1,0.5,0.51
2026-01-13 18:34:49,610,"Bitcoin Up or Down - January 13, 5:30AM-5:45AM ET",price_change,DOWN,0.45,1441,0.49,0.5
2026-01-13 18:34:50,609,"Bitcoin Up or Down - January 13, 5:30AM-5:45AM ET",price_change,DOWN,0.49,4.59,0.49,0.5
2026-01-13 18:34:50,609,"Bitcoin Up or Down - January 13, 5:30AM-5:45AM ET",price_change,UP,0.5,996,0.5,0.51
2026-01-13 18:34:51,608,"Bitcoin Up or Down - January 13, 5:30AM-5:45AM ET",price_change,UP,0.46,1638,0.5,0.51
2026-01-13 18:34:51,608,"Bitcoin Up or Down - January 13, 5:30AM-5:45AM ET",price_change,DOWN,0.44,1623.27,0.49,0.5
2026-01-13 18:34:52,607,"Bitcoin Up or Down - January 13, 5:30AM-5:45AM ET",price_change,UP,0.49,1217.03,0.51,0.52
2026-01-13 18:34:52,607,"Bitcoin Up or Down - January 13, 5:30AM-5:45AM ET",price_change,DOWN,0.46,1416,0.48,0.49
2026-01-13 18:34:53,606,"Bitcoin Up or Down - January 13, 5:30AM-5:45AM ET",price_change,DOWN,0.39,1442.5,0.48,0.49
2026-01-13 18:34:53,606,"Bitcoin Up or Down - January 13, 5:30AM-5:45AM ET",price_change,UP,0.51,48.2,0.51,0.52
2026-01-13 18:34:54,605,"Bitcoin Up or Down - January 13, 5:30AM-5:45AM ET",price_change,UP,0.41,1432.4,0.51,0.52
2026-01-13 18:34:54,605,"Bitcoin Up or Down - January 13, 5:30AM-5:45AM ET",price_change,DOWN,0.48,1384.09,0.48,0.49
2026-01-13 18:34:55,604,"Bitcoin Up or Down - January 13, 5:30AM-5:45AM ET",price_change,UP,0.46,1628,0.51,0.52
2026-01-13 18:34:55,604,"Bitcoin Up or Down - January 13, 5:30AM-5:45AM ET",price_change,DOWN,0.44,1663.27,0.48,0.49
2026-01-13 18:34:56,603,"Bitcoin Up or Down - January 13, 5:30AM-5:45AM ET",price_change,DOWN,0.47,1614.01,0.48,0.49
2026-01-13 18:34:56,603,"Bitcoin Up or Down - January 13, 5:30AM-5:45AM ET",price_change,UP,0.46,1608,0.51,0.52
2026-01-13 18:34:57,602,"Bitcoin Up or Down - January 13, 5:30AM-5:45AM ET",price_change,UP,0.47,1755.93,0.51,0.52
2026-01-13 18:34:57,602,"Bitcoin Up or Down - January 13, 5:30AM-5:45AM ET",price_change,DOWN,0.44,1438.27,0.48,0.49
2026-01-13 18:34:58,601,"Bitcoin Up or Down - January 13, 5:30AM-5:45AM ET",price_change,UP,0.32,891.38,0.51,0.52
2026-01-13 18:34:58,601,"Bitcoin Up or Down - January 13, 5:30AM-5:45AM ET",price_change,DOWN,0.48,1365.34,0.48,0.49
2026-01-13 18:34:59,600,"Bitcoin Up or Down - January 13, 5:30AM-5:45AM ET",price_change,DOWN,0.47,1627.01,0.49,0.5
2026-01-13 18:34:59,600,"Bitcoin Up or Down - January 13, 5:30AM-5:45AM ET",price_change,UP,0.5,108,0.5,0.51
2026-01-13 18:35:00,599,"Bitcoin Up or Down - January 13, 5:30AM-5:45AM ET",price_change,DOWN,0.49,138.05,0.49,0.5
2026-01-13 18:35:00,599,"Bitcoin Up or Down - January 13, 5:30AM-5:45AM ET",price_change,UP,0.01,12916.08,0.5,0.51
2026-01-13 18:35:01,598,"Bitcoin Up or Down - January 13, 5:30AM-5:45AM ET",price_change,DOWN,0.49,68.61,0.49,0.5
2026-01-13 18:35:01,598,"Bitcoin Up or Down - January 13, 5:30AM-5:45AM ET",price_change,UP,0.5,90.5,0.5,0.51
2026-01-13 18:35:02,597,"Bitcoin Up or Down - January 13, 5:30AM-5:45AM ET",price_change,UP,0.5,864.22,0.5,0.51
2026-01-13 18:35:02,597,"Bitcoin Up or Down - January 13, 5:30AM-5:45AM ET",price_change,DOWN,0.45,1347,0.49,0.5
2026-01-13 18:35:03,596,"Bitcoin Up or Down - January 13, 5:30AM-5:45AM ET",price_change,DOWN,0.49,2108,0.49,0.5
2026-01-13 18:35:03,596,"Bitcoin Up or Down - January 13, 5:30AM-5:45AM ET",price_change,UP,0.49,1188.96,0.5,0.51
2026-01-13 18:35:04,595,"Bitcoin Up or Down - January 13, 5:30AM-5:45AM ET",price_change,DOWN,0.49,2164,0.49,0.5
2026-01-13 18:35:04,595,"Bitcoin Up or Down - January 13, 5:30AM-5:45AM ET",price_change,UP,0.4,1228.4,0.5,0.51
2026-01-13 18:35:05,594,"Bitcoin Up or Down - January 13, 5:30AM-5:45AM ET",price_change,UP,0.49,384.47,0.5,0.51
2026-01-13 18:35:05,594,"Bitcoin Up or Down - January 13, 5:30AM-5:45AM ET",price_change,DOWN,0.49,2225,0.49,0.5
2026-01-13 18:35:06,593,"Bitcoin Up or Down - January 13, 5:30AM-5:45AM ET",price_change,DOWN,0.47,1612.01,0.49,0.5
2026-01-13 18:35:06,593,"Bitcoin Up or Down - January 13, 5:30AM-5:45AM ET",price_change,UP,0.32,875.38,0.5,0.51
2026-01-13 18:35:07,592,"Bitcoin Up or Down - January 13, 5:30AM-5:45AM ET",price_change,DOWN,0.5,108.82,0.5,0.51
2026-01-13 18:35:07,592,"Bitcoin Up or Down - January 13, 5:30AM-5:45AM ET",price_change,UP,0.48,1780.04,0.49,0.5
2026-01-13 18:35:08,591,"Bitcoin Up or Down - January 13, 5:30AM-5:45AM ET",price_change,UP,0.5,16.5,0.5,0.51
2026-01-13 18:35:08,591,"Bitcoin Up or Down - January 13, 5:30AM-5:45AM ET",price_change,DOWN,0.49,2258.76,0.49,0.5
2026-01-13 18:35:09,590,"Bitcoin Up or Down - January 13, 5:30AM-5:45AM ET",price_change,UP,0.49,1112.38,0.5,0.51
2026-01-13 18:35:09,590,"Bitcoin Up or Down - January 13, 5:30AM-5:45AM ET",price_change,DOWN,0.48,1355.14,0.49,0.5
2026-01-13 18:35:10,589,"Bitcoin Up or Down - January 13, 5:30AM-5:45AM ET",price_change,UP,0.5,41,0.5,0.51
2026-01-13 18:35:10,589,"Bitcoin Up or Down - January 13, 5:30AM-5:45AM ET",price_change,DOWN,0.49,313.96,0.49,0.5
2026-01-13 18:35:11,588,"Bitcoin Up or Down - January 13, 5:30AM-5:45AM ET",price_change,UP,0.49,1406.67,0.5,0.51
2026-01-13 18:35:11,588,"Bitcoin Up or Down - January 13, 5:30AM-5:45AM ET",price_change,DOWN,0.4,3644.39,0.49,0.5
2026-01-13 18:35:12,587,"Bitcoin Up or Down - January 13, 5:30AM-5:45AM ET",price_change,UP,0.5,1229.21,0.5,0.51
2026-01-13 18:35:12,587,"Bitcoin Up or Down - January 13, 5:30AM-5:45AM ET",price_change,DOWN,0.45,1086,0.49,0.5
2026-01-13 18:35:13,586,"Bitcoin Up or Down - January 13, 5:30AM-5:45AM ET",price_change,UP,0.46,1618,0.5,0.51
2026-01-13 18:35:13,586,"Bitcoin Up or Down - January 13, 5:30AM-5:45AM ET",price_change,DOWN,0.44,1442.45,0.49,0.5
2026-01-13 18:35:14,585,"Bitcoin Up or Down - January 13, 5:30AM-5:45AM ET",price_change,DOWN,0.48,968.14,0.49,0.5
2026-01-13 18:35:14,585,"Bitcoin Up or Down - January 13, 5:30AM-5:45AM ET",price_change,UP,0.46,1628,0.5,0.51
2026-01-13 18:35:15,584,"Bitcoin Up or Down - January 13, 5:30AM-5:45AM ET",price_change,DOWN,0.4,3639.39,0.49,0.5
2026-01-13 18:35:15,584,"Bitcoin Up or Down - January 13, 5:30AM-5:45AM ET",price_change,UP,0.46,1628,0.5,0.51
2026-01-13 18:35:16,583,"Bitcoin Up or Down - January 13, 5:30AM-5:45AM ET",price_change,UP,0.4,1199.4,0.5,0.51
2026-01-13 18:35:16,583,"Bitcoin Up or Down - January 13, 5:30AM-5:45AM ET",price_change,DOWN,0.44,1432.45,0.49,0.5
2026-01-13 18:35:17,582,"Bitcoin Up or Down - January 13, 5:30AM-5:45AM ET",price_change,DOWN,0.44,1432.45,0.49,0.5
2026-01-13 18:35:17,582,"Bitcoin Up or Down - January 13, 5:30AM-5:45AM ET",price_change,UP,0.46,1628,0.5,0.51
2026-01-13 18:35:18,581,"Bitcoin Up or Down - January 13, 5:30AM-5:45AM ET",price_change,DOWN,0.46,1504.47,0.48,0.49
2026-01-13 18:35:18,581,"Bitcoin Up or Down - January 13, 5:30AM-5:45AM ET",price_change,UP,0.5,1966,0.51,0.52
2026-01-13 18:35:19,580,"Bitcoin Up or Down - January 13, 5:30AM-5:45AM ET",price_change,UP,0.49,1338.67,0.5,0.51
2026-01-13 18:35:19,580,"Bitcoin Up or Down - January 13, 5:30AM-5:45AM ET",price_change,DOWN,0.47,1617.46,0.49,0.5
2026-01-13 18:35:20,579,"Bitcoin Up or Down - January 13, 5:30AM-5:45AM ET",price_change,UP,0.48,1306,0.5,0.51
2026-01-13 18:35:20,579,"Bitcoin Up or Down - January 13, 5:30AM-5:45AM ET",price_change,DOWN,0.48,1436,0.49,0.5
2026-01-13 18:35:21,578,"Bitcoin Up or Down - January 13, 5:30AM-5:45AM ET",price_change,DOWN,0.47,1666.46,0.49,0.5
2026-01-13 18:35:21,578,"Bitcoin Up or Down - January 13, 5:30AM-5:45AM ET",price_change,UP,0.5,1040,0.5,0.51
2026-01-13 18:35:22,577,"Bitcoin Up or Down - January 13, 5:30AM-5:45AM ET",price_change,UP,0.4,1210.4,0.5,0.51
2026-01-13 18:35:22,577,"Bitcoin Up or Down - January 13, 5:30AM-5:45AM ET",price_change,DOWN,0.45,1111,0.49,0.5
2026-01-13 18:35:23,576,"Bitcoin Up or Down - January 13, 5:30AM-5:45AM ET",price_change,DOWN,0.24,2109.1,0.49,0.5
2026-01-13 18:35:23,576,"Bitcoin Up or Down - January 13, 5:30AM-5:45AM ET",price_change,UP,0.48,1285,0.5,0.51
2026-01-13 18:35:24,575,"Bitcoin Up or Down - January 13, 5:30AM-5:45AM ET",price_change,DOWN,0.47,556.16,0.49,0.5
2026-01-13 18:35:24,575,"Bitcoin Up or Down - January 13, 5:30AM-5:45AM ET",price_change,UP,0.5,2228,0.5,0.51
2026-01-13 18:35:25,574,"Bitcoin Up or Down - January 13, 5:30AM-5:45AM ET",price_change,DOWN,0.4,3644.39,0.49,0.5
2026-01-13 18:35:25,574,"Bitcoin Up or Down - January 13, 5:30AM-5:45AM ET",price_change,UP,0.49,1732.87,0.5,0.51
2026-01-13 18:35:26,573,"Bitcoin Up or Down - January 13, 5:30AM-5:45AM ET",price_change,UP,0.5,2509.16,0.5,0.51
2026-01-13 18:35:26,573,"Bitcoin Up or Down - January 13, 5:30AM-5:45AM ET",price_change,DOWN,0.4,3644.39,0.49,0.5
2026-01-13 18:35:27,572,"Bitcoin Up or Down - January 13, 5:30AM-5:45AM ET",price_change,UP,0.37,874.6,0.5,0.51
2026-01-13 18:35:27,572,"Bitcoin Up or Down - January 13, 5:30AM-5:45AM ET",price_change,DOWN,0.22,781.68,0.49,0.5
2026-01-13 18:35:28,571,"Bitcoin Up or Down - January 13, 5:30AM-5:45AM ET",price_change,DOWN,0.47,734.46,0.49,0.5
2026-01-13 18:35:28,571,"Bitcoin Up or Down - January 13, 5:30AM-5:45AM ET",price_change,UP,0.46,1398,0.5,0.51
2026-01-13 18:35:29,570,"Bitcoin Up or Down - January 13, 5:30AM-5:45AM ET",price_change,DOWN,0.48,38.26,0.48,0.49
2026-01-13 18:35:30,570,"Bitcoin Up or Down - January 13, 5:30AM-5:45AM ET",price_change,UP,0.4,1205.4,0.51,0.52
2026-01-13 18:35:30,569,"Bitcoin Up or Down - January 13, 5:30AM-5:45AM ET",price_change,DOWN,0.48,14.61,0.48,0.49
2026-01-13 18:35:30,569,"Bitcoin Up or Down - January 13, 5:30AM-5:45AM ET",price_change,UP,0.39,996.5,0.51,0.52
2026-01-13 18:35:31,568,"Bitcoin Up or Down - January 13, 5:30AM-5:45AM ET",price_change,UP,0.46,1383,0.51,0.52
2026-01-13 18:35:31,568,"Bitcoin Up or Down - January 13, 5:30AM-5:45AM ET",price_change,DOWN,0.33,1437.17,0.48,0.49
2026-01-13 18:35:32,567,"Bitcoin Up or Down - January 13, 5:30AM-5:45AM ET",price_change,DOWN,0.47,175.96,0.47,0.48
2026-01-13 18:35:32,567,"Bitcoin Up or Down - January 13, 5:30AM-5:45AM ET",price_change,UP,0.5,2385.9,0.52,0.53
2026-01-13 18:35:33,566,"Bitcoin Up or Down - January 13, 5:30AM-5:45AM ET",price_change,DOWN,0.47,116.49,0.47,0.48
2026-01-13 18:35:33,566,"Bitcoin Up or Down - January 13, 5:30AM-5:45AM ET",price_change,UP,0.5,2360.9,0.52,0.53
2026-01-13 18:35:34,565,"Bitcoin Up or Down - January 13, 5:30AM-5:45AM ET",price_change,DOWN,0.45,738.38,0.47,0.48
2026-01-13 18:35:34,565,"Bitcoin Up or Down - January 13, 5:30AM-5:45AM ET",price_change,UP,0.39,1205.35,0.52,0.53
2026-01-13 18:35:35,564,"Bitcoin Up or Down - January 13, 5:30AM-5:45AM ET",price_change,DOWN,0.47,66.41,0.47,0.48
2026-01-13 18:35:35,564,"Bitcoin Up or Down - January 13, 5:30AM-5:45AM ET",price_change,UP,0.07,5088.57,0.52,0.53
2026-01-13 18:35:36,563,"Bitcoin Up or Down - January 13, 5:30AM-5:45AM ET",price_change,DOWN,0.4,3668.39,0.46,0.47
2026-01-13 18:35:36,563,"Bitcoin Up or Down - January 13, 5:30AM-5:45AM ET",price_change,UP,0.53,1576.5,0.53,0.54
2026-01-13 18:35:37,562,"Bitcoin Up or Down - January 13, 5:30AM-5:45AM ET",price_change,UP,0.4,1265.4,0.54,0.55
2026-01-13 18:35:37,562,"Bitcoin Up or Down - January 13, 5:30AM-5:45AM ET",price_change,DOWN,0.44,125.86,0.45,0.46
2026-01-13 18:35:38,561,"Bitcoin Up or Down - January 13, 5:30AM-5:45AM ET",price_change,UP,0.4,1250.4,0.54,0.55
2026-01-13 18:35:38,561,"Bitcoin Up or Down - January 13, 5:30AM-5:45AM ET",price_change,DOWN,0.44,1270.9,0.45,0.46
2026-01-13 18:35:39,560,"Bitcoin Up or Down - January 13, 5:30AM-5:45AM ET",price_change,DOWN,0.43,1217.54,0.45,0.46
2026-01-13 18:35:39,560,"Bitcoin Up or Down - January 13, 5:30AM-5:45AM ET",price_change,UP,0.5,2353.87,0.54,0.55
2026-01-13 18:35:40,559,"Bitcoin Up or Down - January 13, 5:30AM-5:45AM ET",price_change,UP,0.5,2321,0.54,0.55
2026-01-13 18:35:40,559,"Bitcoin Up or Down - January 13, 5:30AM-5:45AM ET",price_change,DOWN,0.4,3649.39,0.45,0.46
2026-01-13 18:35:41,558,"Bitcoin Up or Down - January 13, 5:30AM-5:45AM ET",price_change,UP,0.5,2331,0.54,0.55
2026-01-13 18:35:41,558,"Bitcoin Up or Down - January 13, 5:30AM-5:45AM ET",price_change,DOWN,0.4,3659.39,0.45,0.46
2026-01-13 18:35:42,557,"Bitcoin Up or Down - January 13, 5:30AM-5:45AM ET",price_change,UP,0.54,902,0.55,0.56
2026-01-13 18:35:42,557,"Bitcoin Up or Down - January 13, 5:30AM-5:45AM ET",price_change,DOWN,0.36,2452.6,0.44,0.45
2026-01-13 18:35:43,556,"Bitcoin Up or Down - January 13, 5:30AM-5:45AM ET",price_change,UP,0.55,121,0.55,0.56
2026-01-13 18:35:43,556,"Bitcoin Up or Down - January 13, 5:30AM-5:45AM ET",price_change,DOWN,0.43,1265.15,0.44,0.45
2026-01-13 18:35:44,555,"Bitcoin Up or Down - January 13, 5:30AM-5:45AM ET",price_change,UP,0.4,1405.4,0.54,0.55
2026-01-13 18:35:44,555,"Bitcoin Up or Down - January 13, 5:30AM-5:45AM ET",price_change,DOWN,0.35,1561.67,0.45,0.46
2026-01-13 18:35:45,554,"Bitcoin Up or Down - January 13, 5:30AM-5:45AM ET",price_change,UP,0.42,1494.52,0.54,0.55
2026-01-13 18:35:45,554,"Bitcoin Up or Down - January 13, 5:30AM-5:45AM ET",price_change,DOWN,0.21,2279.8,0.45,0.46
2026-01-13 18:35:46,553,"Bitcoin Up or Down - January 13, 5:30AM-5:45AM ET",price_change,DOWN,0.3,1550.2,0.45,0.46
2026-01-13 18:35:46,553,"Bitcoin Up or Down - January 13, 5:30AM-5:45AM ET",price_change,UP,0.39,951.5,0.54,0.55
2026-01-13 18:35:47,552,"Bitcoin Up or Down - January 13, 5:30AM-5:45AM ET",price_change,DOWN,0.43,1513.17,0.45,0.46
2026-01-13 18:35:47,552,"Bitcoin Up or Down - January 13, 5:30AM-5:45AM ET",price_change,UP,0.52,329.84,0.54,0.55
2026-01-13 18:35:48,551,"Bitcoin Up or Down - January 13, 5:30AM-5:45AM ET",price_change,DOWN,0.4,3909.39,0.45,0.46
2026-01-13 18:35:48,551,"Bitcoin Up or Down - January 13, 5:30AM-5:45AM ET",price_change,UP,0.52,874.34,0.54,0.55
2026-01-13 18:35:49,550,"Bitcoin Up or Down - January 13, 5:30AM-5:45AM ET",price_change,DOWN,0.45,4165.26,0.45,0.46
2026-01-13 18:35:49,550,"Bitcoin Up or Down - January 13, 5:30AM-5:45AM ET",price_change,UP,0.4,1345.4,0.54,0.55
2026-01-13 18:35:50,549,"Bitcoin Up or Down - January 13, 5:30AM-5:45AM ET",price_change,DOWN,0.3,1550.2,0.46,0.47
2026-01-13 18:35:50,549,"Bitcoin Up or Down - January 13, 5:30AM-5:45AM ET",price_change,UP,0.39,951.5,0.53,0.54
2026-01-13 18:35:51,548,"Bitcoin Up or Down - January 13, 5:30AM-5:45AM ET",price_change,DOWN,0.41,1437.4,0.46,0.47
2026-01-13 18:35:51,548,"Bitcoin Up or Down - January 13, 5:30AM-5:45AM ET",price_change,UP,0.49,1474.88,0.53,0.54
2026-01-13 18:35:52,547,"Bitcoin Up or Down - January 13, 5:30AM-5:45AM ET",price_change,DOWN,0.46,71.16,0.46,0.47
2026-01-13 18:35:52,547,"Bitcoin Up or Down - January 13, 5:30AM-5:45AM ET",price_change,UP,0.53,205.58,0.53,0.54
2026-01-13 18:35:53,546,"Bitcoin Up or Down - January 13, 5:30AM-5:45AM ET",price_change,DOWN,0.46,0,0.45,0.47
2026-01-13 18:35:53,546,"Bitcoin Up or Down - January 13, 5:30AM-5:45AM ET",price_change,UP,0.52,1397.84,0.53,0.55
2026-01-13 18:35:54,545,"Bitcoin Up or Down - January 13, 5:30AM-5:45AM ET",price_change,UP,0.42,1436.52,0.53,0.54
2026-01-13 18:35:54,545,"Bitcoin Up or Down - January 13, 5:30AM-5:45AM ET",price_change,DOWN,0.3,1550.2,0.46,0.47
2026-01-13 18:35:55,544,"Bitcoin Up or Down - January 13, 5:30AM-5:45AM ET",price_change,UP,0.53,111.37,0.53,0.54
2026-01-13 18:35:55,544,"Bitcoin Up or Down - January 13, 5:30AM-5:45AM ET",price_change,DOWN,0.42,1642,0.46,0.47
2026-01-13 18:35:56,543,"Bitcoin Up or Down - January 13, 5:30AM-5:45AM ET",price_change,UP,0.49,1489.88,0.53,0.54
2026-01-13 18:35:56,543,"Bitcoin Up or Down - January 13, 5:30AM-5:45AM ET",price_change,DOWN,0.41,1352,0.46,0.47
2026-01-13 18:35:57,542,"Bitcoin Up or Down - January 13, 5:30AM-5:45AM ET",price_change,DOWN,0.42,1647,0.46,0.47
2026-01-13 18:35:57,542,"Bitcoin Up or Down - January 13, 5:30AM-5:45AM ET",price_change,UP,0.49,1489.88,0.53,0.54
2026-01-13 18:35:58,541,"Bitcoin Up or Down - January 13, 5:30AM-5:45AM ET",price_change,DOWN,0.42,1597,0.46,0.47
2026-01-13 18:35:58,541,"Bitcoin Up or Down - January 13, 5:30AM-5:45AM ET",price_change,UP,0.48,3142,0.53,0.54
2026-01-13 18:35:59,540,"Bitcoin Up or Down - January 13, 5:30AM-5:45AM ET",price_change,DOWN,0.43,1652.95,0.46,0.47
2026-01-13 18:35:59,540,"Bitcoin Up or Down - January 13, 5:30AM-5:45AM ET",price_change,UP,0.48,3152,0.53,0.54
2026-01-13 18:36:00,539,"Bitcoin Up or Down - January 13, 5:30AM-5:45AM ET",price_change,UP,0.48,3142,0.53,0.54
2026-01-13 18:36:00,539,"Bitcoin Up or Down - January 13, 5:30AM-5:45AM ET",price_change,DOWN,0.42,1582,0.46,0.47
2026-01-13 18:36:01,538,"Bitcoin Up or Down - January 13, 5:30AM-5:45AM ET",price_change,DOWN,0.42,1592,0.46,0.47
2026-01-13 18:36:01,538,"Bitcoin Up or Down - January 13, 5:30AM-5:45AM ET",price_change,UP,0.48,3132,0.53,0.54
2026-01-13 18:36:02,537,"Bitcoin Up or Down - January 13, 5:30AM-5:45AM ET",price_change,UP,0.53,921.39,0.53,0.54
2026-01-13 18:36:02,537,"Bitcoin Up or Down - January 13, 5:30AM-5:45AM ET",price_change,DOWN,0.46,281.82,0.46,0.47
2026-01-13 18:36:03,536,"Bitcoin Up or Down - January 13, 5:30AM-5:45AM ET",price_change,UP,0.08,5223.7,0.53,0.54
2026-01-13 18:36:03,536,"Bitcoin Up or Down - January 13, 5:30AM-5:45AM ET",price_change,DOWN,0.22,775.78,0.46,0.47
2026-01-13 18:36:04,535,"Bitcoin Up or Down - January 13, 5:30AM-5:45AM ET",price_change,UP,0.49,1511.51,0.53,0.54
2026-01-13 18:36:04,535,"Bitcoin Up or Down - January 13, 5:30AM-5:45AM ET",price_change,DOWN,0.41,1402,0.46,0.47
2026-01-13 18:36:05,534,"Bitcoin Up or Down - January 13, 5:30AM-5:45AM ET",price_change,DOWN,0.4,3929.39,0.46,0.47
2026-01-13 18:36:05,534,"Bitcoin Up or Down - January 13, 5:30AM-5:45AM ET",price_change,UP,0.51,1589.81,0.53,0.54
2026-01-13 18:36:06,533,"Bitcoin Up or Down - January 13, 5:30AM-5:45AM ET",price_change,DOWN,0.39,1476.5,0.46,0.47
2026-01-13 18:36:06,533,"Bitcoin Up or Down - January 13, 5:30AM-5:45AM ET",price_change,UP,0.51,2269.81,0.53,0.54
2026-01-13 18:36:07,532,"Bitcoin Up or Down - January 13, 5:30AM-5:45AM ET",price_change,DOWN,0.44,35,0.45,0.46
2026-01-13 18:36:07,532,"Bitcoin Up or Down - January 13, 5:30AM-5:45AM ET",price_change,UP,0.54,1023.5,0.54,0.55
2026-01-13 18:36:08,531,"Bitcoin Up or Down - January 13, 5:30AM-5:45AM ET",price_change,UP,0.42,1426.82,0.55,0.56
2026-01-13 18:36:08,531,"Bitcoin Up or Down - January 13, 5:30AM-5:45AM ET",price_change,DOWN,0.37,2478.46,0.44,0.45
2026-01-13 18:36:09,530,"Bitcoin Up or Down - January 13, 5:30AM-5:45AM ET",price_change,DOWN,0.44,188.52,0.44,0.45
2026-01-13 18:36:09,530,"Bitcoin Up or Down - January 13, 5:30AM-5:45AM ET",price_change,UP,0.01,13856.8,0.55,0.56
2026-01-13 18:36:10,529,"Bitcoin Up or Down - January 13, 5:30AM-5:45AM ET",price_change,DOWN,0.4,3126.99,0.44,0.45
2026-01-13 18:36:10,529,"Bitcoin Up or Down - January 13, 5:30AM-5:45AM ET",price_change,UP,0.55,2134.45,0.55,0.56
2026-01-13 18:36:11,528,"Bitcoin Up or Down - January 13, 5:30AM-5:45AM ET",price_change,DOWN,0.44,115.77,0.44,0.45
2026-01-13 18:36:11,528,"Bitcoin Up or Down - January 13, 5:30AM-5:45AM ET",price_change,UP,0.41,1422.4,0.55,0.56
2026-01-13 18:36:12,527,"Bitcoin Up or Down - January 13, 5:30AM-5:45AM ET",price_change,DOWN,0.42,1551.23,0.43,0.44
2026-01-13 18:36:12,527,"Bitcoin Up or Down - January 13, 5:30AM-5:45AM ET",price_change,UP,0.56,1142.29,0.56,0.57
2026-01-13 18:36:13,526,"Bitcoin Up or Down - January 13, 5:30AM-5:45AM ET",price_change,DOWN,0.41,1019.39,0.43,0.44
2026-01-13 18:36:13,526,"Bitcoin Up or Down - January 13, 5:30AM-5:45AM ET",price_change,UP,0.56,1100.71,0.56,0.57
2026-01-13 18:36:14,525,"Bitcoin Up or Down - January 13, 5:30AM-5:45AM ET",price_change,DOWN,0.39,1190,0.43,0.44
2026-01-13 18:36:14,525,"Bitcoin Up or Down - January 13, 5:30AM-5:45AM ET",price_change,UP,0.54,1368.7,0.56,0.57
2026-01-13 18:36:15,524,"Bitcoin Up or Down - January 13, 5:30AM-5:45AM ET",price_change,UP,0.56,1078.62,0.56,0.57
2026-01-13 18:36:15,524,"Bitcoin Up or Down - January 13, 5:30AM-5:45AM ET",price_change,DOWN,0.41,1013.39,0.43,0.44
2026-01-13 18:36:16,523,"Bitcoin Up or Down - January 13, 5:30AM-5:45AM ET",price_change,DOWN,0.38,1637.5,0.43,0.44
2026-01-13 18:36:16,523,"Bitcoin Up or Down - January 13, 5:30AM-5:45AM ET",price_change,UP,0.52,799.34,0.56,0.57
2026-01-13 18:36:17,522,"Bitcoin Up or Down - January 13, 5:30AM-5:45AM ET",price_change,DOWN,0.4,2200.89,0.4,0.43
2026-01-13 18:36:17,522,"Bitcoin Up or Down - January 13, 5:30AM-5:45AM ET",price_change,UP,0.59,20,0.59,0.6
2026-01-13 18:36:18,521,"Bitcoin Up or Down - January 13, 5:30AM-5:45AM ET",price_change,DOWN,0.33,952.77,0.4,0.41
2026-01-13 18:36:18,521,"Bitcoin Up or Down - January 13, 5:30AM-5:45AM ET",price_change,UP,0.59,1883.35,0.59,0.6
2026-01-13 18:36:19,520,"Bitcoin Up or Down - January 13, 5:30AM-5:45AM ET",price_change,UP,0.64,246.49,0.64,0.65
2026-01-13 18:36:19,520,"Bitcoin Up or Down - January 13, 5:30AM-5:45AM ET",price_change,DOWN,0.34,786,0.35,0.36
2026-01-13 18:36:20,519,"Bitcoin Up or Down - January 13, 5:30AM-5:45AM ET",price_change,DOWN,0.34,921.5,0.35,0.36
2026-01-13 18:36:20,519,"Bitcoin Up or Down - January 13, 5:30AM-5:45AM ET",price_change,UP,0.64,296.35,0.64,0.65
2026-01-13 18:36:21,518,"Bitcoin Up or Down - January 13, 5:30AM-5:45AM ET",price_change,DOWN,0.29,1450,0.35,0.36
2026-01-13 18:36:21,518,"Bitcoin Up or Down - January 13, 5:30AM-5:45AM ET",price_change,UP,0.54,1403.9,0.64,0.65
2026-01-13 18:36:22,517,"Bitcoin Up or Down - January 13, 5:30AM-5:45AM ET",price_change,UP,0.64,1315.03,0.64,0.65
2026-01-13 18:36:22,517,"Bitcoin Up or Down - January 13, 5:30AM-5:45AM ET",price_change,DOWN,0.32,1168.93,0.35,0.36
2026-01-13 18:36:23,516,"Bitcoin Up or Down - January 13, 5:30AM-5:45AM ET",price_change,DOWN,0.34,1303.4,0.34,0.36
2026-01-13 18:36:23,516,"Bitcoin Up or Down - January 13, 5:30AM-5:45AM ET",price_change,UP,0.64,2075.98,0.64,0.66
2026-01-13 18:36:24,515,"Bitcoin Up or Down - January 13, 5:30AM-5:45AM ET",price_change,DOWN,0.23,782.3,0.34,0.35
2026-01-13 18:36:24,515,"Bitcoin Up or Down - January 13, 5:30AM-5:45AM ET",price_change,UP,0.64,2055.99,0.65,0.66
2026-01-13 18:36:25,514,"Bitcoin Up or Down - January 13, 5:30AM-5:45AM ET",price_change,DOWN,0.33,1008.77,0.34,0.35
2026-01-13 18:36:25,514,"Bitcoin Up or Down - January 13, 5:30AM-5:45AM ET",price_change,UP,0.58,1358.12,0.65,0.66
2026-01-13 18:36:26,513,"Bitcoin Up or Down - January 13, 5:30AM-5:45AM ET",price_change,UP,0.65,992.04,0.65,0.66
2026-01-13 18:36:26,513,"Bitcoin Up or Down - January 13, 5:30AM-5:45AM ET",price_change,DOWN,0.34,473.21,0.34,0.35
2026-01-13 18:36:27,512,"Bitcoin Up or Down - January 13, 5:30AM-5:45AM ET",price_change,UP,0.61,1178,0.65,0.66
2026-01-13 18:36:27,512,"Bitcoin Up or Down - January 13, 5:30AM-5:45AM ET",price_change,DOWN,0.29,1470,0.34,0.35
2026-01-13 18:36:28,511,"Bitcoin Up or Down - January 13, 5:30AM-5:45AM ET",price_change,UP,0.6,1496.65,0.65,0.66
2026-01-13 18:36:28,511,"Bitcoin Up or Down - January 13, 5:30AM-5:45AM ET",price_change,DOWN,0.29,1460,0.34,0.35
2026-01-13 18:36:29,510,"Bitcoin Up or Down - January 13, 5:30AM-5:45AM ET",price_change,DOWN,0.32,1009.38,0.35,0.36
2026-01-13 18:36:29,510,"Bitcoin Up or Down - January 13, 5:30AM-5:45AM ET",price_change,UP,0.59,2147.66,0.64,0.65
2026-01-13 18:36:30,509,"Bitcoin Up or Down - January 13, 5:30AM-5:45AM ET",price_change,DOWN,0.34,510.04,0.34,0.35
2026-01-13 18:36:30,509,"Bitcoin Up or Down - January 13, 5:30AM-5:45AM ET",price_change,UP,0.49,1682.53,0.65,0.66
2026-01-13 18:36:31,508,"Bitcoin Up or Down - January 13, 5:30AM-5:45AM ET",price_change,UP,0.65,804.14,0.65,0.66
2026-01-13 18:36:31,508,"Bitcoin Up or Down - January 13, 5:30AM-5:45AM ET",price_change,DOWN,0.34,505.48,0.34,0.35
2026-01-13 18:36:32,507,"Bitcoin Up or Down - January 13, 5:30AM-5:45AM ET",price_change,UP,0.64,936.14,0.65,0.66
2026-01-13 18:36:32,507,"Bitcoin Up or Down - January 13, 5:30AM-5:45AM ET",price_change,DOWN,0.3,1609,0.34,0.35
2026-01-13 18:36:33,506,"Bitcoin Up or Down - January 13, 5:30AM-5:45AM ET",price_change,UP,0.65,981,0.65,0.66
2026-01-13 18:36:33,506,"Bitcoin Up or Down - January 13, 5:30AM-5:45AM ET",price_change,DOWN,0.34,69.68,0.34,0.35
2026-01-13 18:36:34,505,"Bitcoin Up or Down - January 13, 5:30AM-5:45AM ET",price_change,UP,0.66,233.53,0.67,0.68
2026-01-13 18:36:34,505,"Bitcoin Up or Down - January 13, 5:30AM-5:45AM ET",price_change,DOWN,0.32,317.48,0.32,0.33
2026-01-13 18:36:35,504,"Bitcoin Up or Down - January 13, 5:30AM-5:45AM ET",price_change,DOWN,0.27,1455,0.32,0.33
2026-01-13 18:36:35,504,"Bitcoin Up or Down - January 13, 5:30AM-5:45AM ET",price_change,UP,0.63,1144,0.67,0.68
2026-01-13 18:36:36,503,"Bitcoin Up or Down - January 13, 5:30AM-5:45AM ET",price_change,DOWN,0.22,892.6,0.32,0.33
2026-01-13 18:36:36,503,"Bitcoin Up or Down - January 13, 5:30AM-5:45AM ET",price_change,UP,0.58,1093.12,0.67,0.68
2026-01-13 18:36:37,502,"Bitcoin Up or Down - January 13, 5:30AM-5:45AM ET",price_change,UP,0.63,1124,0.67,0.68
2026-01-13 18:36:37,502,"Bitcoin Up or Down - January 13, 5:30AM-5:45AM ET",price_change,DOWN,0.27,1439,0.32,0.33
2026-01-13 18:36:38,501,"Bitcoin Up or Down - January 13, 5:30AM-5:45AM ET",price_change,UP,0.65,857.19,0.66,0.67
2026-01-13 18:36:38,501,"Bitcoin Up or Down - January 13, 5:30AM-5:45AM ET",price_change,DOWN,0.33,1128.92,0.33,0.34
2026-01-13 18:36:39,500,"Bitcoin Up or Down - January 13, 5:30AM-5:45AM ET",price_change,UP,0.66,1537.19,0.66,0.67
2026-01-13 18:36:39,500,"Bitcoin Up or Down - January 13, 5:30AM-5:45AM ET",price_change,DOWN,0.25,1156.23,0.33,0.34
2026-01-13 18:36:40,499,"Bitcoin Up or Down - January 13, 5:30AM-5:45AM ET",price_change,UP,0.66,1539.01,0.66,0.67
2026-01-13 18:36:40,499,"Bitcoin Up or Down - January 13, 5:30AM-5:45AM ET",price_change,DOWN,0.32,1152.31,0.33,0.34
2026-01-13 18:36:41,498,"Bitcoin Up or Down - January 13, 5:30AM-5:45AM ET",price_change,DOWN,0.01,38100.67,0.33,0.34
2026-01-13 18:36:41,498,"Bitcoin Up or Down - January 13, 5:30AM-5:45AM ET",price_change,UP,0.62,2111.5,0.66,0.67
2026-01-13 18:36:42,497,"Bitcoin Up or Down - January 13, 5:30AM-5:45AM ET",price_change,DOWN,0.33,1756.91,0.33,0.34
2026-01-13 18:36:42,497,"Bitcoin Up or Down - January 13, 5:30AM-5:45AM ET",price_change,UP,0.66,1618.57,0.66,0.67
2026-01-13 18:36:43,496,"Bitcoin Up or Down - January 13, 5:30AM-5:45AM ET",price_change,DOWN,0.29,1379,0.33,0.34
2026-01-13 18:36:43,496,"Bitcoin Up or Down - January 13, 5:30AM-5:45AM ET",price_change,UP,0.66,1587.68,0.66,0.67
2026-01-13 18:36:44,495,"Bitcoin Up or Down - January 13, 5:30AM-5:45AM ET",price_change,UP,0.65,1172.5,0.66,0.67
2026-01-13 18:36:44,495,"Bitcoin Up or Down - January 13, 5:30AM-5:45AM ET",price_change,DOWN,0.29,1379,0.33,0.34
2026-01-13 18:36:45,494,"Bitcoin Up or Down - January 13, 5:30AM-5:45AM ET",price_change,UP,0.62,2086.5,0.66,0.67
2026-01-13 18:36:45,494,"Bitcoin Up or Down - January 13, 5:30AM-5:45AM ET",price_change,DOWN,0.28,1482,0.33,0.34
2026-01-13 18:36:46,493,"Bitcoin Up or Down - January 13, 5:30AM-5:45AM ET",price_change,UP,0.65,346,0.66,0.67
2026-01-13 18:36:46,493,"Bitcoin Up or Down - January 13, 5:30AM-5:45AM ET",price_change,DOWN,0.31,859.51,0.33,0.34
2026-01-13 18:36:47,492,"Bitcoin Up or Down - January 13, 5:30AM-5:45AM ET",price_change,UP,0.65,283.6,0.65,0.66
2026-01-13 18:36:47,492,"Bitcoin Up or Down - January 13, 5:30AM-5:45AM ET",price_change,DOWN,0.32,1161.2,0.34,0.35
2026-01-13 18:36:48,491,"Bitcoin Up or Down - January 13, 5:30AM-5:45AM ET",price_change,UP,0.64,125,0.65,0.66
2026-01-13 18:36:48,491,"Bitcoin Up or Down - January 13, 5:30AM-5:45AM ET",price_change,DOWN,0.3,1328,0.34,0.35
2026-01-13 18:36:49,490,"Bitcoin Up or Down - January 13, 5:30AM-5:45AM ET",price_change,DOWN,0.3,1363,0.34,0.35
2026-01-13 18:36:49,490,"Bitcoin Up or Down - January 13, 5:30AM-5:45AM ET",price_change,UP,0.64,170,0.65,0.66
2026-01-13 18:36:50,489,"Bitcoin Up or Down - January 13, 5:30AM-5:45AM ET",price_change,UP,0.65,364.85,0.65,0.66
2026-01-13 18:36:50,489,"Bitcoin Up or Down - January 13, 5:30AM-5:45AM ET",price_change,DOWN,0.14,25.8,0.34,0.35
2026-01-13 18:36:51,488,"Bitcoin Up or Down - January 13, 5:30AM-5:45AM ET",price_change,UP,0.65,285.35,0.65,0.66
2026-01-13 18:36:51,488,"Bitcoin Up or Down - January 13, 5:30AM-5:45AM ET",price_change,DOWN,0.34,828.25,0.34,0.35
2026-01-13 18:36:52,487,"Bitcoin Up or Down - January 13, 5:30AM-5:45AM ET",price_change,UP,0.64,497.24,0.66,0.67
2026-01-13 18:36:52,487,"Bitcoin Up or Down - January 13, 5:30AM-5:45AM ET",price_change,DOWN,0.33,1527.1,0.33,0.34
2026-01-13 18:36:53,486,"Bitcoin Up or Down - January 13, 5:30AM-5:45AM ET",price_change,DOWN,0.01,14051.54,0.33,0.34
2026-01-13 18:36:53,486,"Bitcoin Up or Down - January 13, 5:30AM-5:45AM ET",price_change,UP,0.64,433,0.66,0.67
2026-01-13 18:36:54,485,"Bitcoin Up or Down - January 13, 5:30AM-5:45AM ET",price_change,UP,0.51,1500.63,0.66,0.67
2026-01-13 18:36:54,485,"Bitcoin Up or Down - January 13, 5:30AM-5:45AM ET",price_change,DOWN,0.29,1530,0.33,0.34
2026-01-13 18:36:55,484,"Bitcoin Up or Down - January 13, 5:30AM-5:45AM ET",price_change,UP,0.01,13976.66,0.66,0.67
2026-01-13 18:36:55,484,"Bitcoin Up or Down - January 13, 5:30AM-5:45AM ET",price_change,DOWN,0.23,887.3,0.33,0.34
2026-01-13 18:36:56,483,"Bitcoin Up or Down - January 13, 5:30AM-5:45AM ET",price_change,UP,0.64,1146,0.67,0.68
2026-01-13 18:36:56,483,"Bitcoin Up or Down - January 13, 5:30AM-5:45AM ET",price_change,DOWN,0.25,1345.23,0.32,0.33
2026-01-13 18:36:57,482,"Bitcoin Up or Down - January 13, 5:30AM-5:45AM ET",price_change,DOWN,0.27,1492,0.32,0.33
2026-01-13 18:36:57,482,"Bitcoin Up or Down - January 13, 5:30AM-5:45AM ET",price_change,UP,0.63,1475,0.67,0.68
2026-01-13 18:36:58,481,"Bitcoin Up or Down - January 13, 5:30AM-5:45AM ET",price_change,DOWN,0.27,1542,0.32,0.33
2026-01-13 18:36:58,481,"Bitcoin Up or Down - January 13, 5:30AM-5:45AM ET",price_change,UP,0.63,1475,0.67,0.68
2026-01-13 18:36:59,480,"Bitcoin Up or Down - January 13, 5:30AM-5:45AM ET",price_change,DOWN,0.27,1532,0.32,0.33
2026-01-13 18:36:59,480,"Bitcoin Up or Down - January 13, 5:30AM-5:45AM ET",price_change,UP,0.63,1475,0.67,0.68
2026-01-13 18:37:00,479,"Bitcoin Up or Down - January 13, 5:30AM-5:45AM ET",price_change,DOWN,0.31,1863.51,0.32,0.33
2026-01-13 18:37:00,479,"Bitcoin Up or Down - January 13, 5:30AM-5:45AM ET",price_change,UP,0.67,1005.38,0.67,0.68
2026-01-13 18:37:01,478,"Bitcoin Up or Down - January 13, 5:30AM-5:45AM ET",price_change,DOWN,0.25,1444.33,0.31,0.32
2026-01-13 18:37:01,478,"Bitcoin Up or Down - January 13, 5:30AM-5:45AM ET",price_change,UP,0.67,1439.18,0.68,0.69
2026-01-13 18:37:02,477,"Bitcoin Up or Down - January 13, 5:30AM-5:45AM ET",price_change,UP,0.68,1575.29,0.68,0.69
2026-01-13 18:37:02,477,"Bitcoin Up or Down - January 13, 5:30AM-5:45AM ET",price_change,DOWN,0.24,1201.81,0.31,0.32
2026-01-13 18:37:03,476,"Bitcoin Up or Down - January 13, 5:30AM-5:45AM ET",price_change,UP,0.54,1496.54,0.68,0.69
2026-01-13 18:37:03,476,"Bitcoin Up or Down - January 13, 5:30AM-5:45AM ET",price_change,DOWN,0.31,949.57,0.31,0.32
2026-01-13 18:37:04,475,"Bitcoin Up or Down - January 13, 5:30AM-5:45AM ET",price_change,UP,0.66,1749.17,0.69,0.7
2026-01-13 18:37:04,475,"Bitcoin Up or Down - January 13, 5:30AM-5:45AM ET",price_change,DOWN,0.28,1119.42,0.3,0.31
2026-01-13 18:37:05,474,"Bitcoin Up or Down - January 13, 5:30AM-5:45AM ET",price_change,UP,0.69,1616.02,0.7,0.71
2026-01-13 18:37:05,474,"Bitcoin Up or Down - January 13, 5:30AM-5:45AM ET",price_change,DOWN,0.23,1214.69,0.29,0.3
2026-01-13 18:37:06,473,"Bitcoin Up or Down - January 13, 5:30AM-5:45AM ET",price_change,UP,0.67,1730.18,0.7,0.71
2026-01-13 18:37:06,473,"Bitcoin Up or Down - January 13, 5:30AM-5:45AM ET",price_change,DOWN,0.29,1141.17,0.29,0.3
2026-01-13 18:37:07,472,"Bitcoin Up or Down - January 13, 5:30AM-5:45AM ET",price_change,UP,0.67,981.18,0.7,0.71
2026-01-13 18:37:07,472,"Bitcoin Up or Down - January 13, 5:30AM-5:45AM ET",price_change,DOWN,0.25,1238.33,0.29,0.3
2026-01-13 18:37:08,471,"Bitcoin Up or Down - January 13, 5:30AM-5:45AM ET",price_change,UP,0.65,1089,0.7,0.71
2026-01-13 18:37:08,471,"Bitcoin Up or Down - January 13, 5:30AM-5:45AM ET",price_change,DOWN,0.09,5037.01,0.29,0.3
2026-01-13 18:37:09,470,"Bitcoin Up or Down - January 13, 5:30AM-5:45AM ET",price_change,DOWN,0.23,1194,0.29,0.3
2026-01-13 18:37:09,470,"Bitcoin Up or Down - January 13, 5:30AM-5:45AM ET",price_change,UP,0.69,1195.54,0.7,0.71
2026-01-13 18:37:10,469,"Bitcoin Up or Down - January 13, 5:30AM-5:45AM ET",price_change,UP,0.69,9.5,0.69,0.7
2026-01-13 18:37:10,469,"Bitcoin Up or Down - January 13, 5:30AM-5:45AM ET",price_change,DOWN,0.26,1216.96,0.3,0.31
2026-01-13 18:37:11,468,"Bitcoin Up or Down - January 13, 5:30AM-5:45AM ET",price_change,UP,0.68,1263.56,0.69,0.7
2026-01-13 18:37:11,468,"Bitcoin Up or Down - January 13, 5:30AM-5:45AM ET",price_change,DOWN,0.21,913.8,0.3,0.31
2026-01-13 18:37:12,467,"Bitcoin Up or Down - January 13, 5:30AM-5:45AM ET",price_change,UP,0.5,1527.2,0.69,0.7
2026-01-13 18:37:12,467,"Bitcoin Up or Down - January 13, 5:30AM-5:45AM ET",price_change,DOWN,0.29,1440.4,0.3,0.31
2026-01-13 18:37:13,466,"Bitcoin Up or Down - January 13, 5:30AM-5:45AM ET",price_change,UP,0.68,813.62,0.68,0.7
2026-01-13 18:37:13,466,"Bitcoin Up or Down - January 13, 5:30AM-5:45AM ET",price_change,DOWN,0.2,990.1,0.3,0.32
2026-01-13 18:37:14,465,"Bitcoin Up or Down - January 13, 5:30AM-5:45AM ET",price_change,DOWN,0.25,1494.33,0.3,0.31
2026-01-13 18:37:14,465,"Bitcoin Up or Down - January 13, 5:30AM-5:45AM ET",price_change,UP,0.68,1910.62,0.69,0.7
2026-01-13 18:37:15,464,"Bitcoin Up or Down - January 13, 5:30AM-5:45AM ET",price_change,UP,0.66,1520.49,0.69,0.7
2026-01-13 18:37:15,464,"Bitcoin Up or Down - January 13, 5:30AM-5:45AM ET",price_change,DOWN,0.19,883.4,0.3,0.31
2026-01-13 18:37:16,463,"Bitcoin Up or Down - January 13, 5:30AM-5:45AM ET",price_change,UP,0.67,1724.18,0.7,0.71
2026-01-13 18:37:16,463,"Bitcoin Up or Down - January 13, 5:30AM-5:45AM ET",price_change,DOWN,0.28,1242,0.29,0.3
2026-01-13 18:37:17,462,"Bitcoin Up or Down - January 13, 5:30AM-5:45AM ET",price_change,DOWN,0.28,598,0.29,0.3
2026-01-13 18:37:17,462,"Bitcoin Up or Down - January 13, 5:30AM-5:45AM ET",price_change,UP,0.68,1906.12,0.7,0.71
2026-01-13 18:37:18,461,"Bitcoin Up or Down - January 13, 5:30AM-5:45AM ET",price_change,UP,0.68,1960.12,0.7,0.71
2026-01-13 18:37:18,461,"Bitcoin Up or Down - January 13, 5:30AM-5:45AM ET",price_change,DOWN,0.28,1347,0.29,0.3
2026-01-13 18:37:19,460,"Bitcoin Up or Down - January 13, 5:30AM-5:45AM ET",price_change,UP,0.61,1346.5,0.7,0.71
2026-01-13 18:37:19,460,"Bitcoin Up or Down - January 13, 5:30AM-5:45AM ET",price_change,DOWN,0.08,5051.2,0.29,0.3
2026-01-13 18:37:20,459,"Bitcoin Up or Down - January 13, 5:30AM-5:45AM ET",price_change,UP,0.48,1492.2,0.7,0.71
2026-01-13 18:37:20,459,"Bitcoin Up or Down - January 13, 5:30AM-5:45AM ET",price_change,DOWN,0.1,5168,0.29,0.3
2026-01-13 18:37:21,458,"Bitcoin Up or Down - January 13, 5:30AM-5:45AM ET",price_change,DOWN,0.26,1258.69,0.29,0.3
2026-01-13 18:37:21,458,"Bitcoin Up or Down - January 13, 5:30AM-5:45AM ET",price_change,UP,0.68,1973.12,0.7,0.71
2026-01-13 18:37:22,457,"Bitcoin Up or Down - January 13, 5:30AM-5:45AM ET",price_change,UP,0.67,1669.18,0.7,0.71
2026-01-13 18:37:22,457,"Bitcoin Up or Down - January 13, 5:30AM-5:45AM ET",price_change,DOWN,0.27,1465.87,0.29,0.3
2026-01-13 18:37:23,456,"Bitcoin Up or Down - January 13, 5:30AM-5:45AM ET",price_change,UP,0.69,1386.5,0.7,0.71
2026-01-13 18:37:23,456,"Bitcoin Up or Down - January 13, 5:30AM-5:45AM ET",price_change,DOWN,0.27,1434.87,0.29,0.3
2026-01-13 18:37:24,455,"Bitcoin Up or Down - January 13, 5:30AM-5:45AM ET",price_change,UP,0.66,1538.49,0.7,0.71
2026-01-13 18:37:24,455,"Bitcoin Up or Down - January 13, 5:30AM-5:45AM ET",price_change,DOWN,0.25,1464.33,0.29,0.3
2026-01-13 18:37:25,454,"Bitcoin Up or Down - January 13, 5:30AM-5:45AM ET",price_change,UP,0.66,1530.49,0.7,0.71
2026-01-13 18:37:25,454,"Bitcoin Up or Down - January 13, 5:30AM-5:45AM ET",price_change,DOWN,0.25,1474.33,0.29,0.3
2026-01-13 18:37:26,453,"Bitcoin Up or Down - January 13, 5:30AM-5:45AM ET",price_change,DOWN,0.29,744.28,0.29,0.3
2026-01-13 18:37:26,453,"Bitcoin Up or Down - January 13, 5:30AM-5:45AM ET",price_change,UP,0.64,1327,0.7,0.71
2026-01-13 18:37:27,452,"Bitcoin Up or Down - January 13, 5:30AM-5:45AM ET",price_change,UP,0.66,1530.49,0.7,0.71
2026-01-13 18:37:27,452,"Bitcoin Up or Down - January 13, 5:30AM-5:45AM ET",price_change,DOWN,0.25,1469.33,0.29,0.3
2026-01-13 18:37:28,451,"Bitcoin Up or Down - January 13, 5:30AM-5:45AM ET",price_change,UP,0.7,1111.29,0.7,0.71
2026-01-13 18:37:28,451,"Bitcoin Up or Down - January 13, 5:30AM-5:45AM ET",price_change,DOWN,0.28,1475.92,0.29,0.3
2026-01-13 18:37:29,450,"Bitcoin Up or Down - January 13, 5:30AM-5:45AM ET",price_change,DOWN,0.21,938.24,0.29,0.3
2026-01-13 18:37:29,450,"Bitcoin Up or Down - January 13, 5:30AM-5:45AM ET",price_change,UP,0.48,1482.2,0.7,0.71
2026-01-13 18:37:30,449,"Bitcoin Up or Down - January 13, 5:30AM-5:45AM ET",price_change,UP,0.01,13992.14,0.7,0.71
2026-01-13 18:37:30,449,"Bitcoin Up or Down - January 13, 5:30AM-5:45AM ET",price_change,DOWN,0.06,5128.5,0.29,0.3
2026-01-13 18:37:31,448,"Bitcoin Up or Down - January 13, 5:30AM-5:45AM ET",price_change,DOWN,0.26,1263.69,0.29,0.3
2026-01-13 18:37:31,448,"Bitcoin Up or Down - January 13, 5:30AM-5:45AM ET",price_change,UP,0.44,1327.3,0.7,0.71
2026-01-13 18:37:32,447,"Bitcoin Up or Down - January 13, 5:30AM-5:45AM ET",price_change,UP,0.54,1721.54,0.7,0.71
2026-01-13 18:37:32,447,"Bitcoin Up or Down - January 13, 5:30AM-5:45AM ET",price_change,DOWN,0.26,1258.69,0.29,0.3
2026-01-13 18:37:33,446,"Bitcoin Up or Down - January 13, 5:30AM-5:45AM ET",price_change,DOWN,0.28,980.03,0.28,0.29
2026-01-13 18:37:33,446,"Bitcoin Up or Down - January 13, 5:30AM-5:45AM ET",price_change,UP,0.7,1470.27,0.71,0.72
2026-01-13 18:37:34,445,"Bitcoin Up or Down - January 13, 5:30AM-5:45AM ET",price_change,DOWN,0.24,1321,0.28,0.29
2026-01-13 18:37:34,445,"Bitcoin Up or Down - January 13, 5:30AM-5:45AM ET",price_change,UP,0.7,804.48,0.71,0.72
2026-01-13 18:37:35,444,"Bitcoin Up or Down - January 13, 5:30AM-5:45AM ET",price_change,UP,0.7,601.27,0.71,0.72
2026-01-13 18:37:35,444,"Bitcoin Up or Down - January 13, 5:30AM-5:45AM ET",price_change,DOWN,0.27,1484,0.28,0.29
2026-01-13 18:37:36,443,"Bitcoin Up or Down - January 13, 5:30AM-5:45AM ET",price_change,DOWN,0.27,1573.5,0.28,0.29
2026-01-13 18:37:36,443,"Bitcoin Up or Down - January 13, 5:30AM-5:45AM ET",price_change,UP,0.61,1106.5,0.71,0.72
2026-01-13 18:37:37,442,"Bitcoin Up or Down - January 13, 5:30AM-5:45AM ET",price_change,UP,0.63,1467.6,0.71,0.72
2026-01-13 18:37:37,442,"Bitcoin Up or Down - January 13, 5:30AM-5:45AM ET",price_change,DOWN,0.24,1482,0.28,0.29
2026-01-13 18:37:38,441,"Bitcoin Up or Down - January 13, 5:30AM-5:45AM ET",price_change,DOWN,0.28,1349.37,0.28,0.29
2026-01-13 18:37:38,441,"Bitcoin Up or Down - January 13, 5:30AM-5:45AM ET",price_change,UP,0.67,1654.44,0.71,0.72
2026-01-13 18:37:39,440,"Bitcoin Up or Down - January 13, 5:30AM-5:45AM ET",price_change,UP,0.68,1848.12,0.7,0.71
2026-01-13 18:37:39,440,"Bitcoin Up or Down - January 13, 5:30AM-5:45AM ET",price_change,DOWN,0.11,173.3,0.29,0.3
2026-01-13 18:37:40,439,"Bitcoin Up or Down - January 13, 5:30AM-5:45AM ET",price_change,UP,0.68,1924.12,0.7,0.71
2026-01-13 18:37:40,439,"Bitcoin Up or Down - January 13, 5:30AM-5:45AM ET",price_change,DOWN,0.16,914.69,0.29,0.3
2026-01-13 18:37:41,438,"Bitcoin Up or Down - January 13, 5:30AM-5:45AM ET",price_change,DOWN,0.27,1559.5,0.29,0.3
2026-01-13 18:37:41,438,"Bitcoin Up or Down - January 13, 5:30AM-5:45AM ET",price_change,UP,0.69,1106.51,0.7,0.71
2026-01-13 18:37:42,437,"Bitcoin Up or Down - January 13, 5:30AM-5:45AM ET",price_change,UP,0.68,1148.12,0.7,0.71
2026-01-13 18:37:42,437,"Bitcoin Up or Down - January 13, 5:30AM-5:45AM ET",price_change,DOWN,0.26,1611.12,0.29,0.3
2026-01-13 18:37:43,436,"Bitcoin Up or Down - January 13, 5:30AM-5:45AM ET",price_change,UP,0.64,336,0.7,0.71
2026-01-13 18:37:43,436,"Bitcoin Up or Down - January 13, 5:30AM-5:45AM ET",price_change,DOWN,0.28,2498.1,0.29,0.3
2026-01-13 18:37:44,435,"Bitcoin Up or Down - January 13, 5:30AM-5:45AM ET",price_change,UP,0.58,124.46,0.58,0.59
2026-01-13 18:37:44,435,"Bitcoin Up or Down - January 13, 5:30AM-5:45AM ET",price_change,DOWN,0.27,1441.4,0.41,0.42
2026-01-13 18:37:45,434,"Bitcoin Up or Down - January 13, 5:30AM-5:45AM ET",price_change,UP,0.51,1476,0.54,0.56
2026-01-13 18:37:45,434,"Bitcoin Up or Down - January 13, 5:30AM-5:45AM ET",price_change,DOWN,0.43,238,0.44,0.46
2026-01-13 18:37:46,433,"Bitcoin Up or Down - January 13, 5:30AM-5:45AM ET",price_change,DOWN,0.45,90.63,0.45,0.46
2026-01-13 18:37:46,433,"Bitcoin Up or Down - January 13, 5:30AM-5:45AM ET",price_change,UP,0.52,1094.49,0.54,0.55
2026-01-13 18:37:47,432,"Bitcoin Up or Down - January 13, 5:30AM-5:45AM ET",price_change,UP,0.46,1383.2,0.55,0.56
2026-01-13 18:37:47,432,"Bitcoin Up or Down - January 13, 5:30AM-5:45AM ET",price_change,DOWN,0.34,449.3,0.44,0.45
2026-01-13 18:37:48,431,"Bitcoin Up or Down - January 13, 5:30AM-5:45AM ET",price_change,DOWN,0.44,16.81,0.44,0.45
2026-01-13 18:37:48,431,"Bitcoin Up or Down - January 13, 5:30AM-5:45AM ET",price_change,UP,0.55,554.82,0.55,0.56
2026-01-13 18:37:49,430,"Bitcoin Up or Down - January 13, 5:30AM-5:45AM ET",price_change,DOWN,0.44,88,0.44,0.45
2026-01-13 18:37:49,430,"Bitcoin Up or Down - January 13, 5:30AM-5:45AM ET",price_change,UP,0.55,491.28,0.55,0.56
2026-01-13 18:37:50,429,"Bitcoin Up or Down - January 13, 5:30AM-5:45AM ET",price_change,UP,0.01,13832.38,0.56,0.57
2026-01-13 18:37:50,429,"Bitcoin Up or Down - January 13, 5:30AM-5:45AM ET",price_change,DOWN,0.43,1175,0.43,0.44
2026-01-13 18:37:51,428,"Bitcoin Up or Down - January 13, 5:30AM-5:45AM ET",price_change,UP,0.54,1183.29,0.56,0.57
2026-01-13 18:37:51,428,"Bitcoin Up or Down - January 13, 5:30AM-5:45AM ET",price_change,DOWN,0.33,1192.96,0.43,0.44
2026-01-13 18:37:52,427,"Bitcoin Up or Down - January 13, 5:30AM-5:45AM ET",price_change,UP,0.01,14012.3,0.56,0.57
2026-01-13 18:37:52,427,"Bitcoin Up or Down - January 13, 5:30AM-5:45AM ET",price_change,DOWN,0.43,821.77,0.43,0.44
2026-01-13 18:37:53,426,"Bitcoin Up or Down - January 13, 5:30AM-5:45AM ET",price_change,DOWN,0.43,906.43,0.44,0.45
2026-01-13 18:37:53,426,"Bitcoin Up or Down - January 13, 5:30AM-5:45AM ET",price_change,UP,0.53,1231.47,0.55,0.56
2026-01-13 18:37:54,425,"Bitcoin Up or Down - January 13, 5:30AM-5:45AM ET",price_change,UP,0.01,13927.3,0.56,0.57
2026-01-13 18:37:54,425,"Bitcoin Up or Down - January 13, 5:30AM-5:45AM ET",price_change,DOWN,0.43,873.28,0.43,0.44
2026-01-13 18:37:55,424,"Bitcoin Up or Down - January 13, 5:30AM-5:45AM ET",price_change,DOWN,0.35,1396.2,0.43,0.44
2026-01-13 18:37:55,424,"Bitcoin Up or Down - January 13, 5:30AM-5:45AM ET",price_change,UP,0.55,915.5,0.56,0.57
2026-01-13 18:37:56,423,"Bitcoin Up or Down - January 13, 5:30AM-5:45AM ET",price_change,DOWN,0.38,1898.78,0.43,0.44
2026-01-13 18:37:56,423,"Bitcoin Up or Down - January 13, 5:30AM-5:45AM ET",price_change,UP,0.57,5,0.57,0.58
2026-01-13 18:37:57,422,"Bitcoin Up or Down - January 13, 5:30AM-5:45AM ET",price_change,DOWN,0.42,45.5,0.42,0.43
2026-01-13 18:37:57,422,"Bitcoin Up or Down - January 13, 5:30AM-5:45AM ET",price_change,UP,0.56,2375.25,0.57,0.58
2026-01-13 18:37:58,421,"Bitcoin Up or Down - January 13, 5:30AM-5:45AM ET",price_change,UP,0.46,1433.2,0.58,0.59
2026-01-13 18:37:58,421,"Bitcoin Up or Down - January 13, 5:30AM-5:45AM ET",price_change,DOWN,0.32,1323.82,0.41,0.42
2026-01-13 18:37:59,420,"Bitcoin Up or Down - January 13, 5:30AM-5:45AM ET",price_change,DOWN,0.41,1282.73,0.41,0.42
2026-01-13 18:37:59,420,"Bitcoin Up or Down - January 13, 5:30AM-5:45AM ET",price_change,UP,0.44,1422.3,0.58,0.59
2026-01-13 18:38:00,419,"Bitcoin Up or Down - January 13, 5:30AM-5:45AM ET",price_change,UP,0.54,1409.29,0.56,0.57
2026-01-13 18:38:00,419,"Bitcoin Up or Down - January 13, 5:30AM-5:45AM ET",price_change,DOWN,0.32,1219.32,0.43,0.44
2026-01-13 18:38:01,418,"Bitcoin Up or Down - January 13, 5:30AM-5:45AM ET",price_change,UP,0.01,13675.9,0.56,0.57
2026-01-13 18:38:01,418,"Bitcoin Up or Down - January 13, 5:30AM-5:45AM ET",price_change,DOWN,0.43,67.93,0.43,0.44
2026-01-13 18:38:02,417,"Bitcoin Up or Down - January 13, 5:30AM-5:45AM ET",price_change,DOWN,0.4,1252.5,0.43,0.44
2026-01-13 18:38:02,417,"Bitcoin Up or Down - January 13, 5:30AM-5:45AM ET",price_change,UP,0.5,1452,0.56,0.57
2026-01-13 18:38:03,416,"Bitcoin Up or Down - January 13, 5:30AM-5:45AM ET",price_change,DOWN,0.4,1242.5,0.43,0.44
2026-01-13 18:38:03,416,"Bitcoin Up or Down - January 13, 5:30AM-5:45AM ET",price_change,UP,0.5,1457,0.56,0.57
2026-01-13 18:38:04,415,"Bitcoin Up or Down - January 13, 5:30AM-5:45AM ET",price_change,DOWN,0.4,1144.5,0.43,0.44
2026-01-13 18:38:04,415,"Bitcoin Up or Down - January 13, 5:30AM-5:45AM ET",price_change,UP,0.51,1430,0.56,0.57
2026-01-13 18:38:05,414,"Bitcoin Up or Down - January 13, 5:30AM-5:45AM ET",price_change,DOWN,0.43,823.71,0.43,0.44
2026-01-13 18:38:05,414,"Bitcoin Up or Down - January 13, 5:30AM-5:45AM ET",price_change,UP,0.53,748.47,0.56,0.57
2026-01-13 18:38:06,413,"Bitcoin Up or Down - January 13, 5:30AM-5:45AM ET",price_change,DOWN,0.41,1176.94,0.43,0.44
2026-01-13 18:38:06,413,"Bitcoin Up or Down - January 13, 5:30AM-5:45AM ET",price_change,UP,0.5,1480.9,0.56,0.57
2026-01-13 18:38:07,412,"Bitcoin Up or Down - January 13, 5:30AM-5:45AM ET",price_change,UP,0.5,1490.9,0.56,0.57
2026-01-13 18:38:07,412,"Bitcoin Up or Down - January 13, 5:30AM-5:45AM ET",price_change,DOWN,0.4,1049.5,0.43,0.44
2026-01-13 18:38:08,411,"Bitcoin Up or Down - January 13, 5:30AM-5:45AM ET",price_change,UP,0.37,779.6,0.56,0.57
2026-01-13 18:38:08,411,"Bitcoin Up or Down - January 13, 5:30AM-5:45AM ET",price_change,DOWN,0.17,798.19,0.43,0.44
2026-01-13 18:38:09,410,"Bitcoin Up or Down - January 13, 5:30AM-5:45AM ET",price_change,DOWN,0.34,1316.6,0.43,0.44
2026-01-13 18:38:09,410,"Bitcoin Up or Down - January 13, 5:30AM-5:45AM ET",price_change,UP,0.5,1490.9,0.56,0.57
2026-01-13 18:38:10,409,"Bitcoin Up or Down - January 13, 5:30AM-5:45AM ET",price_change,UP,0.01,13590.9,0.56,0.57
2026-01-13 18:38:10,409,"Bitcoin Up or Down - January 13, 5:30AM-5:45AM ET",price_change,DOWN,0.43,1253.13,0.43,0.44
2026-01-13 18:38:11,408,"Bitcoin Up or Down - January 13, 5:30AM-5:45AM ET",price_change,UP,0.47,1507.75,0.56,0.57
2026-01-13 18:38:11,408,"Bitcoin Up or Down - January 13, 5:30AM-5:45AM ET",price_change,DOWN,0.37,1322,0.43,0.44
2026-01-13 18:38:12,407,"Bitcoin Up or Down - January 13, 5:30AM-5:45AM ET",price_change,UP,0.44,1422.3,0.56,0.57
2026-01-13 18:38:12,407,"Bitcoin Up or Down - January 13, 5:30AM-5:45AM ET",price_change,DOWN,0.15,820.55,0.43,0.44
2026-01-13 18:38:13,406,"Bitcoin Up or Down - January 13, 5:30AM-5:45AM ET",price_change,UP,0.46,1533.2,0.57,0.58
2026-01-13 18:38:13,406,"Bitcoin Up or Down - January 13, 5:30AM-5:45AM ET",price_change,DOWN,0.14,785.8,0.42,0.43
2026-01-13 18:38:14,405,"Bitcoin Up or Down - January 13, 5:30AM-5:45AM ET",price_change,UP,0.55,1621.36,0.58,0.59
2026-01-13 18:38:14,405,"Bitcoin Up or Down - January 13, 5:30AM-5:45AM ET",price_change,DOWN,0.4,324.5,0.41,0.42
2026-01-13 18:38:15,404,"Bitcoin Up or Down - January 13, 5:30AM-5:45AM ET",price_change,UP,0.56,2256,0.58,0.6
2026-01-13 18:38:15,404,"Bitcoin Up or Down - January 13, 5:30AM-5:45AM ET",price_change,DOWN,0.39,1011.82,0.4,0.42
2026-01-13 18:38:16,403,"Bitcoin Up or Down - January 13, 5:30AM-5:45AM ET",price_change,DOWN,0.33,1181.9,0.4,0.41
2026-01-13 18:38:16,403,"Bitcoin Up or Down - January 13, 5:30AM-5:45AM ET",price_change,UP,0.55,1410.5,0.59,0.6
2026-01-13 18:38:17,402,"Bitcoin Up or Down - January 13, 5:30AM-5:45AM ET",price_change,DOWN,0.21,1123.8,0.4,0.41
2026-01-13 18:38:17,402,"Bitcoin Up or Down - January 13, 5:30AM-5:45AM ET",price_change,UP,0.59,132.38,0.59,0.6
2026-01-13 18:38:18,401,"Bitcoin Up or Down - January 13, 5:30AM-5:45AM ET",price_change,UP,0.57,950.53,0.59,0.6
2026-01-13 18:38:18,401,"Bitcoin Up or Down - January 13, 5:30AM-5:45AM ET",price_change,DOWN,0.37,1072,0.4,0.41
2026-01-13 18:38:19,400,"Bitcoin Up or Down - January 13, 5:30AM-5:45AM ET",price_change,UP,0.47,1507.75,0.59,0.6
2026-01-13 18:38:19,400,"Bitcoin Up or Down - January 13, 5:30AM-5:45AM ET",price_change,DOWN,0.4,39.79,0.4,0.41
2026-01-13 18:38:20,399,"Bitcoin Up or Down - January 13, 5:30AM-5:45AM ET",price_change,DOWN,0.36,872,0.4,0.41
2026-01-13 18:38:20,399,"Bitcoin Up or Down - January 13, 5:30AM-5:45AM ET",price_change,UP,0.46,1533.2,0.59,0.6
2026-01-13 18:38:21,398,"Bitcoin Up or Down - January 13, 5:30AM-5:45AM ET",price_change,DOWN,0.35,20.5,0.35,0.37
2026-01-13 18:38:21,398,"Bitcoin Up or Down - January 13, 5:30AM-5:45AM ET",price_change,UP,0.61,284.5,0.63,0.65
2026-01-13 18:38:22,397,"Bitcoin Up or Down - January 13, 5:30AM-5:45AM ET",price_change,UP,0.66,70.01,0.66,0.67
2026-01-13 18:38:22,397,"Bitcoin Up or Down - January 13, 5:30AM-5:45AM ET",price_change,DOWN,0.33,202.51,0.33,0.34
2026-01-13 18:38:23,396,"Bitcoin Up or Down - January 13, 5:30AM-5:45AM ET",price_change,UP,0.5,1567.2,0.66,0.67
2026-01-13 18:38:23,396,"Bitcoin Up or Down - January 13, 5:30AM-5:45AM ET",price_change,DOWN,0.08,5188.18,0.33,0.34
2026-01-13 18:38:24,395,"Bitcoin Up or Down - January 13, 5:30AM-5:45AM ET",price_change,UP,0.57,1281.83,0.68,0.69
2026-01-13 18:38:24,395,"Bitcoin Up or Down - January 13, 5:30AM-5:45AM ET",price_change,DOWN,0.01,37963.27,0.31,0.32
2026-01-13 18:38:25,394,"Bitcoin Up or Down - January 13, 5:30AM-5:45AM ET",price_change,UP,0.58,2116.3,0.68,0.69
2026-01-13 18:38:25,394,"Bitcoin Up or Down - January 13, 5:30AM-5:45AM ET",price_change,DOWN,0.3,1978,0.31,0.32
2026-01-13 18:38:26,393,"Bitcoin Up or Down - January 13, 5:30AM-5:45AM ET",price_change,DOWN,0.3,2121.05,0.3,0.31
2026-01-13 18:38:26,393,"Bitcoin Up or Down - January 13, 5:30AM-5:45AM ET",price_change,UP,0.57,1251.83,0.69,0.7
2026-01-13 18:38:27,392,"Bitcoin Up or Down - January 13, 5:30AM-5:45AM ET",price_change,DOWN,0.25,1232.25,0.3,0.31
2026-01-13 18:38:27,392,"Bitcoin Up or Down - January 13, 5:30AM-5:45AM ET",price_change,UP,0.58,1171.3,0.69,0.7
2026-01-13 18:38:28,391,"Bitcoin Up or Down - January 13, 5:30AM-5:45AM ET",price_change,UP,0.56,2116.3,0.69,0.7
2026-01-13 18:38:28,391,"Bitcoin Up or Down - January 13, 5:30AM-5:45AM ET",price_change,DOWN,0.29,320.5,0.3,0.31
2026-01-13 18:38:29,390,"Bitcoin Up or Down - January 13, 5:30AM-5:45AM ET",price_change,UP,0.66,1049.01,0.69,0.7
2026-01-13 18:38:29,390,"Bitcoin Up or Down - January 13, 5:30AM-5:45AM ET",price_change,DOWN,0.19,1092.27,0.3,0.31
2026-01-13 18:38:30,389,"Bitcoin Up or Down - January 13, 5:30AM-5:45AM ET",price_change,DOWN,0.26,885,0.3,0.31
2026-01-13 18:38:30,389,"Bitcoin Up or Down - January 13, 5:30AM-5:45AM ET",price_change,UP,0.66,1039.01,0.69,0.7
2026-01-13 18:38:31,388,"Bitcoin Up or Down - January 13, 5:30AM-5:45AM ET",price_change,DOWN,0.2,1190.1,0.3,0.31
2026-01-13 18:38:31,388,"Bitcoin Up or Down - January 13, 5:30AM-5:45AM ET",price_change,UP,0.51,1445.2,0.69,0.7
2026-01-13 18:38:32,387,"Bitcoin Up or Down - January 13, 5:30AM-5:45AM ET",price_change,DOWN,0.3,1878.98,0.3,0.31
2026-01-13 18:38:32,387,"Bitcoin Up or Down - January 13, 5:30AM-5:45AM ET",price_change,UP,0.68,1004.5,0.69,0.7
2026-01-13 18:38:33,386,"Bitcoin Up or Down - January 13, 5:30AM-5:45AM ET",price_change,DOWN,0.26,922.32,0.3,0.31
2026-01-13 18:38:33,386,"Bitcoin Up or Down - January 13, 5:30AM-5:45AM ET",price_change,UP,0.61,1332.5,0.69,0.7
2026-01-13 18:38:34,385,"Bitcoin Up or Down - January 13, 5:30AM-5:45AM ET",price_change,DOWN,0.27,1369.07,0.3,0.31
2026-01-13 18:38:34,385,"Bitcoin Up or Down - January 13, 5:30AM-5:45AM ET",price_change,UP,0.69,20.5,0.69,0.7
2026-01-13 18:38:35,384,"Bitcoin Up or Down - January 13, 5:30AM-5:45AM ET",price_change,UP,0.56,2061.3,0.69,0.7
2026-01-13 18:38:35,384,"Bitcoin Up or Down - January 13, 5:30AM-5:45AM ET",price_change,DOWN,0.29,1133.04,0.3,0.31
2026-01-13 18:38:36,383,"Bitcoin Up or Down - January 13, 5:30AM-5:45AM ET",price_change,DOWN,0.3,2639.27,0.3,0.31
2026-01-13 18:38:36,383,"Bitcoin Up or Down - January 13, 5:30AM-5:45AM ET",price_change,UP,0.65,1081,0.69,0.7
2026-01-13 18:38:37,382,"Bitcoin Up or Down - January 13, 5:30AM-5:45AM ET",price_change,DOWN,0.28,1184.42,0.3,0.31
2026-01-13 18:38:37,382,"Bitcoin Up or Down - January 13, 5:30AM-5:45AM ET",price_change,UP,0.01,13677.68,0.69,0.7
2026-01-13 18:38:38,381,"Bitcoin Up or Down - January 13, 5:30AM-5:45AM ET",price_change,UP,0.65,1091,0.69,0.7
2026-01-13 18:38:38,381,"Bitcoin Up or Down - January 13, 5:30AM-5:45AM ET",price_change,DOWN,0.26,1484.32,0.3,0.31
2026-01-13 18:38:39,380,"Bitcoin Up or Down - January 13, 5:30AM-5:45AM ET",price_change,UP,0.58,2186.3,0.67,0.68
2026-01-13 18:38:39,380,"Bitcoin Up or Down - January 13, 5:30AM-5:45AM ET",price_change,DOWN,0.3,3067.76,0.32,0.33
2026-01-13 18:38:40,379,"Bitcoin Up or Down - January 13, 5:30AM-5:45AM ET",price_change,UP,0.67,1461.53,0.67,0.68
2026-01-13 18:38:40,379,"Bitcoin Up or Down - January 13, 5:30AM-5:45AM ET",price_change,DOWN,0.27,1670.07,0.32,0.33
2026-01-13 18:38:41,378,"Bitcoin Up or Down - January 13, 5:30AM-5:45AM ET",price_change,UP,0.56,2026.3,0.67,0.68
2026-01-13 18:38:41,378,"Bitcoin Up or Down - January 13, 5:30AM-5:45AM ET",price_change,DOWN,0.26,1735.12,0.32,0.33
2026-01-13 18:38:42,377,"Bitcoin Up or Down - January 13, 5:30AM-5:45AM ET",price_change,UP,0.58,1196.3,0.67,0.68
2026-01-13 18:38:42,377,"Bitcoin Up or Down - January 13, 5:30AM-5:45AM ET",price_change,DOWN,0.11,45.23,0.32,0.33
2026-01-13 18:38:43,376,"Bitcoin Up or Down - January 13, 5:30AM-5:45AM ET",price_change,UP,0.63,1382,0.66,0.67
2026-01-13 18:38:43,376,"Bitcoin Up or Down - January 13, 5:30AM-5:45AM ET",price_change,DOWN,0.29,1200.46,0.33,0.34
2026-01-13 18:38:44,375,"Bitcoin Up or Down - January 13, 5:30AM-5:45AM ET",price_change,DOWN,0.16,879.69,0.33,0.34
2026-01-13 18:38:44,375,"Bitcoin Up or Down - January 13, 5:30AM-5:45AM ET",price_change,UP,0.59,1106.4,0.66,0.67
2026-01-13 18:38:45,374,"Bitcoin Up or Down - January 13, 5:30AM-5:45AM ET",price_change,UP,0.56,2.5,0.56,0.57
2026-01-13 18:38:45,374,"Bitcoin Up or Down - January 13, 5:30AM-5:45AM ET",price_change,DOWN,0.33,3565.41,0.43,0.45
2026-01-13 18:38:46,373,"Bitcoin Up or Down - January 13, 5:30AM-5:45AM ET",price_change,UP,0.52,2.5,0.52,0.53
2026-01-13 18:38:46,373,"Bitcoin Up or Down - January 13, 5:30AM-5:45AM ET",price_change,DOWN,0.29,1462.76,0.47,0.48
2026-01-13 18:38:47,372,"Bitcoin Up or Down - January 13, 5:30AM-5:45AM ET",price_change,DOWN,0.42,376,0.48,0.49
2026-01-13 18:38:47,372,"Bitcoin Up or Down - January 13, 5:30AM-5:45AM ET",price_change,UP,0.48,1240,0.51,0.52
2026-01-13 18:38:48,371,"Bitcoin Up or Down - January 13, 5:30AM-5:45AM ET",price_change,UP,0.45,1527.57,0.5,0.52
2026-01-13 18:38:48,371,"Bitcoin Up or Down - January 13, 5:30AM-5:45AM ET",price_change,DOWN,0.48,44,0.48,0.5
2026-01-13 18:38:49,370,"Bitcoin Up or Down - January 13, 5:30AM-5:45AM ET",price_change,DOWN,0.48,110,0.51,0.52
2026-01-13 18:38:49,370,"Bitcoin Up or Down - January 13, 5:30AM-5:45AM ET",price_change,UP,0.43,1091,0.48,0.49
2026-01-13 18:38:50,369,"Bitcoin Up or Down - January 13, 5:30AM-5:45AM ET",price_change,DOWN,0.5,60.5,0.51,0.52
2026-01-13 18:38:50,369,"Bitcoin Up or Down - January 13, 5:30AM-5:45AM ET",price_change,UP,0.46,851,0.48,0.49
2026-01-13 18:38:51,368,"Bitcoin Up or Down - January 13, 5:30AM-5:45AM ET",price_change,UP,0.48,1273.53,0.49,0.5
2026-01-13 18:38:51,368,"Bitcoin Up or Down - January 13, 5:30AM-5:45AM ET",price_change,DOWN,0.5,84,0.5,0.51
2026-01-13 18:38:52,367,"Bitcoin Up or Down - January 13, 5:30AM-5:45AM ET",price_change,DOWN,0.29,1353.8,0.5,0.51
2026-01-13 18:38:52,367,"Bitcoin Up or Down - January 13, 5:30AM-5:45AM ET",price_change,UP,0.47,1152.55,0.49,0.5
2026-01-13 18:38:53,366,"Bitcoin Up or Down - January 13, 5:30AM-5:45AM ET",price_change,DOWN,0.49,2765.65,0.49,0.5
2026-01-13 18:38:53,366,"Bitcoin Up or Down - January 13, 5:30AM-5:45AM ET",price_change,UP,0.48,900.53,0.5,0.51
2026-01-13 18:38:54,365,"Bitcoin Up or Down - January 13, 5:30AM-5:45AM ET",price_change,UP,0.46,923.5,0.48,0.49
2026-01-13 18:38:54,365,"Bitcoin Up or Down - January 13, 5:30AM-5:45AM ET",price_change,DOWN,0.49,2800.25,0.51,0.52
2026-01-13 18:38:55,364,"Bitcoin Up or Down - January 13, 5:30AM-5:45AM ET",price_change,DOWN,0.42,1206.53,0.51,0.52
2026-01-13 18:38:55,364,"Bitcoin Up or Down - January 13, 5:30AM-5:45AM ET",price_change,UP,0.47,1272.9,0.48,0.49
2026-01-13 18:38:56,363,"Bitcoin Up or Down - January 13, 5:30AM-5:45AM ET",price_change,DOWN,0.51,190.85,0.51,0.52
2026-01-13 18:38:56,363,"Bitcoin Up or Down - January 13, 5:30AM-5:45AM ET",price_change,UP,0.25,29.23,0.48,0.49
2026-01-13 18:38:57,362,"Bitcoin Up or Down - January 13, 5:30AM-5:45AM ET",price_change,DOWN,0.51,992.46,0.51,0.52
2026-01-13 18:38:57,362,"Bitcoin Up or Down - January 13, 5:30AM-5:45AM ET",price_change,UP,0.44,1108,0.48,0.49
2026-01-13 18:38:58,361,"Bitcoin Up or Down - January 13, 5:30AM-5:45AM ET",price_change,DOWN,0.51,960.95,0.51,0.52
2026-01-13 18:38:58,361,"Bitcoin Up or Down - January 13, 5:30AM-5:45AM ET",price_change,UP,0.48,935.93,0.48,0.49
2026-01-13 18:38:59,360,"Bitcoin Up or Down - January 13, 5:30AM-5:45AM ET",price_change,DOWN,0.4,1256.4,0.51,0.52
2026-01-13 18:38:59,360,"Bitcoin Up or Down - January 13, 5:30AM-5:45AM ET",price_change,UP,0.47,1082.32,0.48,0.49
2026-01-13 18:39:00,359,"Bitcoin Up or Down - January 13, 5:30AM-5:45AM ET",price_change,DOWN,0.48,875,0.51,0.52
2026-01-13 18:39:00,359,"Bitcoin Up or Down - January 13, 5:30AM-5:45AM ET",price_change,UP,0.43,1384,0.48,0.49
2026-01-13 18:39:01,358,"Bitcoin Up or Down - January 13, 5:30AM-5:45AM ET",price_change,DOWN,0.51,321,0.51,0.52
2026-01-13 18:39:01,358,"Bitcoin Up or Down - January 13, 5:30AM-5:45AM ET",price_change,UP,0.44,1147,0.48,0.49
2026-01-13 18:39:02,357,"Bitcoin Up or Down - January 13, 5:30AM-5:45AM ET",price_change,DOWN,0.36,1176.6,0.5,0.51
2026-01-13 18:39:02,357,"Bitcoin Up or Down - January 13, 5:30AM-5:45AM ET",price_change,UP,0.49,139.77,0.49,0.5
2026-01-13 18:39:03,356,"Bitcoin Up or Down - January 13, 5:30AM-5:45AM ET",price_change,DOWN,0.35,1196.7,0.5,0.51
2026-01-13 18:39:03,356,"Bitcoin Up or Down - January 13, 5:30AM-5:45AM ET",price_change,UP,0.34,907.8,0.49,0.5
2026-01-13 18:39:04,355,"Bitcoin Up or Down - January 13, 5:30AM-5:45AM ET",price_change,UP,0.45,1487.44,0.49,0.5
2026-01-13 18:39:04,355,"Bitcoin Up or Down - January 13, 5:30AM-5:45AM ET",price_change,DOWN,0.5,190.84,0.5,0.51
2026-01-13 18:39:05,354,"Bitcoin Up or Down - January 13, 5:30AM-5:45AM ET",price_change,UP,0.48,361.51,0.49,0.5
2026-01-13 18:39:05,354,"Bitcoin Up or Down - January 13, 5:30AM-5:45AM ET",price_change,DOWN,0.5,95.5,0.5,0.51
2026-01-13 18:39:06,353,"Bitcoin Up or Down - January 13, 5:30AM-5:45AM ET",price_change,DOWN,0.44,1141,0.5,0.51
2026-01-13 18:39:07,353,"Bitcoin Up or Down - January 13, 5:30AM-5:45AM ET",price_change,UP,0.01,13613.16,0.49,0.5
2026-01-13 18:39:07,352,"Bitcoin Up or Down - January 13, 5:30AM-5:45AM ET",price_change,UP,0.47,1044.05,0.49,0.5
2026-01-13 18:39:07,352,"Bitcoin Up or Down - January 13, 5:30AM-5:45AM ET",price_change,DOWN,0.44,1116,0.5,0.51
2026-01-13 18:39:08,351,"Bitcoin Up or Down - January 13, 5:30AM-5:45AM ET",price_change,DOWN,0.5,297.16,0.5,0.51
2026-01-13 18:39:08,351,"Bitcoin Up or Down - January 13, 5:30AM-5:45AM ET",price_change,UP,0.34,907.8,0.49,0.5
2026-01-13 18:39:09,350,"Bitcoin Up or Down - January 13, 5:30AM-5:45AM ET",price_change,UP,0.44,1332,0.49,0.5
2026-01-13 18:39:09,350,"Bitcoin Up or Down - January 13, 5:30AM-5:45AM ET",price_change,DOWN,0.46,1394,0.5,0.51
2026-01-13 18:39:10,349,"Bitcoin Up or Down - January 13, 5:30AM-5:45AM ET",price_change,UP,0.4,1354.4,0.49,0.5
2026-01-13 18:39:10,349,"Bitcoin Up or Down - January 13, 5:30AM-5:45AM ET",price_change,DOWN,0.4,1206.4,0.5,0.51
2026-01-13 18:39:11,348,"Bitcoin Up or Down - January 13, 5:30AM-5:45AM ET",price_change,DOWN,0.5,254.82,0.5,0.51
2026-01-13 18:39:11,348,"Bitcoin Up or Down - January 13, 5:30AM-5:45AM ET",price_change,UP,0.49,15.5,0.49,0.5
2026-01-13 18:39:12,347,"Bitcoin Up or Down - January 13, 5:30AM-5:45AM ET",price_change,DOWN,0.46,1362,0.5,0.51
2026-01-13 18:39:12,347,"Bitcoin Up or Down - January 13, 5:30AM-5:45AM ET",price_change,UP,0.44,1347,0.49,0.5
2026-01-13 18:39:13,346,"Bitcoin Up or Down - January 13, 5:30AM-5:45AM ET",price_change,UP,0.44,1337,0.49,0.5
2026-01-13 18:39:13,346,"Bitcoin Up or Down - January 13, 5:30AM-5:45AM ET",price_change,DOWN,0.46,1352,0.5,0.51
2026-01-13 18:39:14,345,"Bitcoin Up or Down - January 13, 5:30AM-5:45AM ET",price_change,UP,0.44,1337,0.49,0.5
2026-01-13 18:39:14,345,"Bitcoin Up or Down - January 13, 5:30AM-5:45AM ET",price_change,DOWN,0.46,1352,0.5,0.51
2026-01-13 18:39:15,344,"Bitcoin Up or Down - January 13, 5:30AM-5:45AM ET",price_change,UP,0.48,1399.5,0.49,0.5
2026-01-13 18:39:15,344,"Bitcoin Up or Down - January 13, 5:30AM-5:45AM ET",price_change,DOWN,0.5,254.26,0.5,0.51
2026-01-13 18:39:16,343,"Bitcoin Up or Down - January 13, 5:30AM-5:45AM ET",price_change,DOWN,0.49,995.34,0.5,0.51
2026-01-13 18:39:16,343,"Bitcoin Up or Down - January 13, 5:30AM-5:45AM ET",price_change,UP,0.49,26.42,0.49,0.5
2026-01-13 18:39:17,342,"Bitcoin Up or Down - January 13, 5:30AM-5:45AM ET",price_change,UP,0.4,1339.4,0.49,0.5
2026-01-13 18:39:17,342,"Bitcoin Up or Down - January 13, 5:30AM-5:45AM ET",price_change,DOWN,0.49,245.34,0.5,0.51
2026-01-13 18:39:18,341,"Bitcoin Up or Down - January 13, 5:30AM-5:45AM ET",price_change,DOWN,0.26,2726.12,0.5,0.51
2026-01-13 18:39:18,341,"Bitcoin Up or Down - January 13, 5:30AM-5:45AM ET",price_change,UP,0.33,1957.74,0.49,0.5
2026-01-13 18:39:19,340,"Bitcoin Up or Down - January 13, 5:30AM-5:45AM ET",price_change,UP,0.48,1593.5,0.49,0.5
2026-01-13 18:39:19,340,"Bitcoin Up or Down - January 13, 5:30AM-5:45AM ET",price_change,DOWN,0.46,1051,0.5,0.51
2026-01-13 18:39:20,339,"Bitcoin Up or Down - January 13, 5:30AM-5:45AM ET",price_change,UP,0.49,1342.48,0.49,0.5
2026-01-13 18:39:20,339,"Bitcoin Up or Down - January 13, 5:30AM-5:45AM ET",price_change,DOWN,0.46,1051,0.5,0.51
2026-01-13 18:39:21,338,"Bitcoin Up or Down - January 13, 5:30AM-5:45AM ET",price_change,DOWN,0.4,1081.4,0.5,0.51
2026-01-13 18:39:21,338,"Bitcoin Up or Down - January 13, 5:30AM-5:45AM ET",price_change,UP,0.44,1332,0.49,0.5
2026-01-13 18:39:22,337,"Bitcoin Up or Down - January 13, 5:30AM-5:45AM ET",price_change,DOWN,0.46,1051,0.5,0.51
2026-01-13 18:39:22,337,"Bitcoin Up or Down - January 13, 5:30AM-5:45AM ET",price_change,UP,0.44,1332,0.49,0.5
2026-01-13 18:39:23,336,"Bitcoin Up or Down - January 13, 5:30AM-5:45AM ET",price_change,DOWN,0.44,484.89,0.44,0.45
2026-01-13 18:39:23,336,"Bitcoin Up or Down - January 13, 5:30AM-5:45AM ET",price_change,UP,0.43,1337,0.55,0.56
2026-01-13 18:39:24,335,"Bitcoin Up or Down - January 13, 5:30AM-5:45AM ET",price_change,DOWN,0.42,939.03,0.44,0.45
2026-01-13 18:39:24,335,"Bitcoin Up or Down - January 13, 5:30AM-5:45AM ET",price_change,UP,0.54,639,0.55,0.56
2026-01-13 18:39:25,334,"Bitcoin Up or Down - January 13, 5:30AM-5:45AM ET",price_change,DOWN,0.44,838.99,0.44,0.45
2026-01-13 18:39:25,334,"Bitcoin Up or Down - January 13, 5:30AM-5:45AM ET",price_change,UP,0.54,743.5,0.55,0.56
2026-01-13 18:39:26,333,"Bitcoin Up or Down - January 13, 5:30AM-5:45AM ET",price_change,DOWN,0.44,897.99,0.44,0.45
2026-01-13 18:39:26,333,"Bitcoin Up or Down - January 13, 5:30AM-5:45AM ET",price_change,UP,0.55,563.53,0.55,0.56
2026-01-13 18:39:27,332,"Bitcoin Up or Down - January 13, 5:30AM-5:45AM ET",price_change,UP,0.5,2072,0.55,0.56
2026-01-13 18:39:27,332,"Bitcoin Up or Down - January 13, 5:30AM-5:45AM ET",price_change,DOWN,0.41,1102.4,0.44,0.45
2026-01-13 18:39:28,331,"Bitcoin Up or Down - January 13, 5:30AM-5:45AM ET",price_change,UP,0.01,13618.24,0.55,0.56
2026-01-13 18:39:28,331,"Bitcoin Up or Down - January 13, 5:30AM-5:45AM ET",price_change,DOWN,0.16,779.69,0.44,0.45
2026-01-13 18:39:29,330,"Bitcoin Up or Down - January 13, 5:30AM-5:45AM ET",price_change,DOWN,0.41,1122.4,0.44,0.45
2026-01-13 18:39:29,330,"Bitcoin Up or Down - January 13, 5:30AM-5:45AM ET",price_change,UP,0.5,2072,0.55,0.56
2026-01-13 18:39:30,329,"Bitcoin Up or Down - January 13, 5:30AM-5:45AM ET",price_change,UP,0.55,59.33,0.55,0.56
2026-01-13 18:39:30,329,"Bitcoin Up or Down - January 13, 5:30AM-5:45AM ET",price_change,DOWN,0.44,284.76,0.44,0.45
2026-01-13 18:39:31,328,"Bitcoin Up or Down - January 13, 5:30AM-5:45AM ET",price_change,UP,0.55,38.49,0.55,0.56
2026-01-13 18:39:31,328,"Bitcoin Up or Down - January 13, 5:30AM-5:45AM ET",price_change,DOWN,0.4,1482.4,0.44,0.45
2026-01-13 18:39:32,327,"Bitcoin Up or Down - January 13, 5:30AM-5:45AM ET",price_change,UP,0.4,1639.4,0.54,0.55
2026-01-13 18:39:32,327,"Bitcoin Up or Down - January 13, 5:30AM-5:45AM ET",price_change,DOWN,0.45,27.55,0.45,0.46
2026-01-13 18:39:33,326,"Bitcoin Up or Down - January 13, 5:30AM-5:45AM ET",price_change,UP,0.44,1337,0.55,0.56
2026-01-13 18:39:33,326,"Bitcoin Up or Down - January 13, 5:30AM-5:45AM ET",price_change,DOWN,0.35,1437.7,0.44,0.45
2026-01-13 18:39:34,325,"Bitcoin Up or Down - January 13, 5:30AM-5:45AM ET",price_change,DOWN,0.43,1058.61,0.44,0.45
2026-01-13 18:39:34,325,"Bitcoin Up or Down - January 13, 5:30AM-5:45AM ET",price_change,UP,0.51,1526,0.55,0.56
2026-01-13 18:39:35,324,"Bitcoin Up or Down - January 13, 5:30AM-5:45AM ET",price_change,DOWN,0.41,1103.4,0.44,0.45
2026-01-13 18:39:35,324,"Bitcoin Up or Down - January 13, 5:30AM-5:45AM ET",price_change,UP,0.55,705.8,0.55,0.56
2026-01-13 18:39:36,323,"Bitcoin Up or Down - January 13, 5:30AM-5:45AM ET",price_change,DOWN,0.44,142,0.44,0.46
2026-01-13 18:39:36,323,"Bitcoin Up or Down - January 13, 5:30AM-5:45AM ET",price_change,UP,0.01,13703.32,0.54,0.56
2026-01-13 18:39:37,322,"Bitcoin Up or Down - January 13, 5:30AM-5:45AM ET",price_change,DOWN,0.42,1267.23,0.44,0.45
2026-01-13 18:39:37,322,"Bitcoin Up or Down - January 13, 5:30AM-5:45AM ET",price_change,UP,0.55,39.55,0.55,0.56
2026-01-13 18:39:38,321,"Bitcoin Up or Down - January 13, 5:30AM-5:45AM ET",price_change,UP,0.55,38.35,0.55,0.56
2026-01-13 18:39:38,321,"Bitcoin Up or Down - January 13, 5:30AM-5:45AM ET",price_change,DOWN,0.27,1428.6,0.44,0.45
2026-01-13 18:39:39,320,"Bitcoin Up or Down - January 13, 5:30AM-5:45AM ET",price_change,DOWN,0.45,117.22,0.45,0.46
2026-01-13 18:39:39,320,"Bitcoin Up or Down - January 13, 5:30AM-5:45AM ET",price_change,UP,0.52,1385.72,0.54,0.55
2026-01-13 18:39:40,319,"Bitcoin Up or Down - January 13, 5:30AM-5:45AM ET",price_change,DOWN,0.45,183.18,0.45,0.46
2026-01-13 18:39:40,319,"Bitcoin Up or Down - January 13, 5:30AM-5:45AM ET",price_change,UP,0.53,1159.5,0.54,0.55
2026-01-13 18:39:41,318,"Bitcoin Up or Down - January 13, 5:30AM-5:45AM ET",price_change,DOWN,0.45,80.18,0.45,0.46
2026-01-13 18:39:41,318,"Bitcoin Up or Down - January 13, 5:30AM-5:45AM ET",price_change,UP,0.49,2917.94,0.54,0.55
2026-01-13 18:39:42,317,"Bitcoin Up or Down - January 13, 5:30AM-5:45AM ET",price_change,DOWN,0.45,20.65,0.45,0.46
2026-01-13 18:39:42,317,"Bitcoin Up or Down - January 13, 5:30AM-5:45AM ET",price_change,UP,0.49,2907.94,0.54,0.55
2026-01-13 18:39:43,316,"Bitcoin Up or Down - January 13, 5:30AM-5:45AM ET",price_change,DOWN,0.4,1673.4,0.45,0.46
2026-01-13 18:39:43,316,"Bitcoin Up or Down - January 13, 5:30AM-5:45AM ET",price_change,UP,0.53,1298.25,0.54,0.55
2026-01-13 18:39:44,315,"Bitcoin Up or Down - January 13, 5:30AM-5:45AM ET",price_change,DOWN,0.36,1427.6,0.45,0.46
2026-01-13 18:39:44,315,"Bitcoin Up or Down - January 13, 5:30AM-5:45AM ET",price_change,UP,0.4,1599.4,0.54,0.55
2026-01-13 18:39:45,314,"Bitcoin Up or Down - January 13, 5:30AM-5:45AM ET",price_change,DOWN,0.41,1090.4,0.45,0.46
2026-01-13 18:39:45,314,"Bitcoin Up or Down - January 13, 5:30AM-5:45AM ET",price_change,UP,0.49,2907.94,0.54,0.55
2026-01-13 18:39:46,313,"Bitcoin Up or Down - January 13, 5:30AM-5:45AM ET",price_change,DOWN,0.41,1391.4,0.45,0.46
2026-01-13 18:39:46,313,"Bitcoin Up or Down - January 13, 5:30AM-5:45AM ET",price_change,UP,0.49,2907.94,0.54,0.55
2026-01-13 18:39:47,312,"Bitcoin Up or Down - January 13, 5:30AM-5:45AM ET",price_change,UP,0.52,827,0.54,0.55
2026-01-13 18:39:47,312,"Bitcoin Up or Down - January 13, 5:30AM-5:45AM ET",price_change,DOWN,0.43,1599.87,0.45,0.46
2026-01-13 18:39:48,311,"Bitcoin Up or Down - January 13, 5:30AM-5:45AM ET",price_change,DOWN,0.4,485.7,0.4,0.43
2026-01-13 18:39:48,311,"Bitcoin Up or Down - January 13, 5:30AM-5:45AM ET",price_change,UP,0.59,21,0.59,0.6
2026-01-13 18:39:49,310,"Bitcoin Up or Down - January 13, 5:30AM-5:45AM ET",price_change,UP,0.55,1338,0.59,0.6
2026-01-13 18:39:49,310,"Bitcoin Up or Down - January 13, 5:30AM-5:45AM ET",price_change,DOWN,0.38,913,0.4,0.41
2026-01-13 18:39:50,309,"Bitcoin Up or Down - January 13, 5:30AM-5:45AM ET",price_change,DOWN,0.26,1471.11,0.4,0.41
2026-01-13 18:39:50,309,"Bitcoin Up or Down - January 13, 5:30AM-5:45AM ET",price_change,UP,0.56,415,0.59,0.6
2026-01-13 18:39:51,308,"Bitcoin Up or Down - January 13, 5:30AM-5:45AM ET",price_change,DOWN,0.4,765.28,0.4,0.41
2026-01-13 18:39:51,308,"Bitcoin Up or Down - January 13, 5:30AM-5:45AM ET",price_change,UP,0.59,17.75,0.59,0.6
2026-01-13 18:39:52,307,"Bitcoin Up or Down - January 13, 5:30AM-5:45AM ET",price_change,UP,0.57,674.49,0.59,0.6
2026-01-13 18:39:52,307,"Bitcoin Up or Down - January 13, 5:30AM-5:45AM ET",price_change,DOWN,0.4,36.68,0.4,0.41
2026-01-13 18:39:53,306,"Bitcoin Up or Down - January 13, 5:30AM-5:45AM ET",price_change,UP,0.58,972,0.59,0.6
2026-01-13 18:39:53,306,"Bitcoin Up or Down - January 13, 5:30AM-5:45AM ET",price_change,DOWN,0.39,1327.42,0.4,0.41
2026-01-13 18:39:54,305,"Bitcoin Up or Down - January 13, 5:30AM-5:45AM ET",price_change,DOWN,0.37,1532.05,0.41,0.42
2026-01-13 18:39:54,305,"Bitcoin Up or Down - January 13, 5:30AM-5:45AM ET",price_change,UP,0.57,1079,0.58,0.59
2026-01-13 18:39:55,304,"Bitcoin Up or Down - January 13, 5:30AM-5:45AM ET",price_change,DOWN,0.37,1577.05,0.41,0.42
2026-01-13 18:39:55,304,"Bitcoin Up or Down - January 13, 5:30AM-5:45AM ET",price_change,UP,0.55,2332,0.58,0.59
2026-01-13 18:39:56,303,"Bitcoin Up or Down - January 13, 5:30AM-5:45AM ET",price_change,UP,0.53,762.25,0.58,0.59
2026-01-13 18:39:56,303,"Bitcoin Up or Down - January 13, 5:30AM-5:45AM ET",price_change,DOWN,0.37,1602.05,0.41,0.42
2026-01-13 18:39:57,302,"Bitcoin Up or Down - January 13, 5:30AM-5:45AM ET",price_change,UP,0.47,1475.25,0.58,0.59
2026-01-13 18:39:57,302,"Bitcoin Up or Down - January 13, 5:30AM-5:45AM ET",price_change,DOWN,0.35,1464.57,0.41,0.42
2026-01-13 18:39:58,301,"Bitcoin Up or Down - January 13, 5:30AM-5:45AM ET",price_change,DOWN,0.35,1447.57,0.41,0.42
2026-01-13 18:39:58,301,"Bitcoin Up or Down - January 13, 5:30AM-5:45AM ET",price_change,UP,0.58,2055.49,0.58,0.59
2026-01-13 18:39:59,300,"Bitcoin Up or Down - January 13, 5:30AM-5:45AM ET",price_change,UP,0.57,1257.05,0.58,0.59
2026-01-13 18:39:59,300,"Bitcoin Up or Down - January 13, 5:30AM-5:45AM ET",price_change,DOWN,0.37,1561.05,0.41,0.42
2026-01-13 18:40:00,299,"Bitcoin Up or Down - January 13, 5:30AM-5:45AM ET",price_change,UP,0.25,61.9,0.58,0.59
2026-01-13 18:40:00,299,"Bitcoin Up or Down - January 13, 5:30AM-5:45AM ET",price_change,DOWN,0.39,944.5,0.41,0.42
2026-01-13 18:40:01,298,"Bitcoin Up or Down - January 13, 5:30AM-5:45AM ET",price_change,UP,0.57,1207.05,0.58,0.59
2026-01-13 18:40:01,298,"Bitcoin Up or Down - January 13, 5:30AM-5:45AM ET",price_change,DOWN,0.21,1329.8,0.41,0.42
2026-01-13 18:40:02,297,"Bitcoin Up or Down - January 13, 5:30AM-5:45AM ET",price_change,DOWN,0.39,934.92,0.41,0.42
2026-01-13 18:40:02,297,"Bitcoin Up or Down - January 13, 5:30AM-5:45AM ET",price_change,UP,0.53,747.25,0.58,0.59
2026-01-13 18:40:03,296,"Bitcoin Up or Down - January 13, 5:30AM-5:45AM ET",price_change,DOWN,0.39,1082.5,0.41,0.42
2026-01-13 18:40:03,296,"Bitcoin Up or Down - January 13, 5:30AM-5:45AM ET",price_change,UP,0.51,337,0.58,0.59
2026-01-13 18:40:04,295,"Bitcoin Up or Down - January 13, 5:30AM-5:45AM ET",price_change,UP,0.49,686.79,0.49,0.51
2026-01-13 18:40:04,295,"Bitcoin Up or Down - January 13, 5:30AM-5:45AM ET",price_change,DOWN,0.49,70,0.49,0.51
2026-01-13 18:40:05,294,"Bitcoin Up or Down - January 13, 5:30AM-5:45AM ET",price_change,UP,0.49,1308.59,0.49,0.5
2026-01-13 18:40:05,294,"Bitcoin Up or Down - January 13, 5:30AM-5:45AM ET",price_change,DOWN,0.5,151.55,0.5,0.51
2026-01-13 18:40:06,293,"Bitcoin Up or Down - January 13, 5:30AM-5:45AM ET",price_change,UP,0.49,1231.62,0.49,0.5
2026-01-13 18:40:06,293,"Bitcoin Up or Down - January 13, 5:30AM-5:45AM ET",price_change,DOWN,0.32,1402.81,0.5,0.51
2026-01-13 18:40:07,292,"Bitcoin Up or Down - January 13, 5:30AM-5:45AM ET",price_change,DOWN,0.48,1552.07,0.5,0.51
2026-01-13 18:40:07,292,"Bitcoin Up or Down - January 13, 5:30AM-5:45AM ET",price_change,UP,0.43,1497.3,0.49,0.5
2026-01-13 18:40:08,291,"Bitcoin Up or Down - January 13, 5:30AM-5:45AM ET",price_change,UP,0.47,985.75,0.49,0.5
2026-01-13 18:40:08,291,"Bitcoin Up or Down - January 13, 5:30AM-5:45AM ET",price_change,DOWN,0.49,963.5,0.5,0.51
2026-01-13 18:40:09,290,"Bitcoin Up or Down - January 13, 5:30AM-5:45AM ET",price_change,UP,0.23,39.3,0.49,0.5
2026-01-13 18:40:09,290,"Bitcoin Up or Down - January 13, 5:30AM-5:45AM ET",price_change,DOWN,0.27,2687.6,0.5,0.51
2026-01-13 18:40:10,289,"Bitcoin Up or Down - January 13, 5:30AM-5:45AM ET",price_change,UP,0.49,1065.86,0.49,0.5
2026-01-13 18:40:10,289,"Bitcoin Up or Down - January 13, 5:30AM-5:45AM ET",price_change,DOWN,0.49,954.5,0.5,0.51
2026-01-13 18:40:11,288,"Bitcoin Up or Down - January 13, 5:30AM-5:45AM ET",price_change,DOWN,0.47,947,0.5,0.51
2026-01-13 18:40:11,288,"Bitcoin Up or Down - January 13, 5:30AM-5:45AM ET",price_change,UP,0.48,1063.67,0.49,0.5
2026-01-13 18:40:12,287,"Bitcoin Up or Down - January 13, 5:30AM-5:45AM ET",price_change,DOWN,0.48,2292.07,0.5,0.51
2026-01-13 18:40:12,287,"Bitcoin Up or Down - January 13, 5:30AM-5:45AM ET",price_change,UP,0.45,1326.74,0.49,0.5
2026-01-13 18:40:13,286,"Bitcoin Up or Down - January 13, 5:30AM-5:45AM ET",price_change,DOWN,0.5,192.83,0.5,0.51
2026-01-13 18:40:13,286,"Bitcoin Up or Down - January 13, 5:30AM-5:45AM ET",price_change,UP,0.43,1457.3,0.49,0.5
2026-01-13 18:40:14,285,"Bitcoin Up or Down - January 13, 5:30AM-5:45AM ET",price_change,UP,0.48,1013.67,0.49,0.5
2026-01-13 18:40:14,285,"Bitcoin Up or Down - January 13, 5:30AM-5:45AM ET",price_change,DOWN,0.37,1486.05,0.5,0.51
2026-01-13 18:40:15,284,"Bitcoin Up or Down - January 13, 5:30AM-5:45AM ET",price_change,UP,0.01,13305.28,0.49,0.5
2026-01-13 18:40:15,284,"Bitcoin Up or Down - January 13, 5:30AM-5:45AM ET",price_change,DOWN,0.37,1486.05,0.5,0.51
2026-01-13 18:40:16,283,"Bitcoin Up or Down - January 13, 5:30AM-5:45AM ET",price_change,UP,0.49,79,0.49,0.5
2026-01-13 18:40:16,283,"Bitcoin Up or Down - January 13, 5:30AM-5:45AM ET",price_change,DOWN,0.31,1423.1,0.5,0.51
2026-01-13 18:40:17,282,"Bitcoin Up or Down - January 13, 5:30AM-5:45AM ET",price_change,UP,0.18,106.8,0.47,0.48
2026-01-13 18:40:17,282,"Bitcoin Up or Down - January 13, 5:30AM-5:45AM ET",price_change,DOWN,0.51,315.99,0.52,0.53
2026-01-13 18:40:18,281,"Bitcoin Up or Down - January 13, 5:30AM-5:45AM ET",price_change,DOWN,0.52,1335,0.52,0.53
2026-01-13 18:40:18,281,"Bitcoin Up or Down - January 13, 5:30AM-5:45AM ET",price_change,UP,0.44,1280.3,0.47,0.48
2026-01-13 18:40:19,280,"Bitcoin Up or Down - January 13, 5:30AM-5:45AM ET",price_change,DOWN,0.45,1337,0.52,0.53
2026-01-13 18:40:19,280,"Bitcoin Up or Down - January 13, 5:30AM-5:45AM ET",price_change,UP,0.43,1316.3,0.47,0.48
2026-01-13 18:40:20,279,"Bitcoin Up or Down - January 13, 5:30AM-5:45AM ET",price_change,DOWN,0.46,2347,0.52,0.53
2026-01-13 18:40:20,279,"Bitcoin Up or Down - January 13, 5:30AM-5:45AM ET",price_change,UP,0.16,19.69,0.47,0.48
2026-01-13 18:40:21,278,"Bitcoin Up or Down - January 13, 5:30AM-5:45AM ET",price_change,DOWN,0.37,1471.65,0.52,0.53
2026-01-13 18:40:21,278,"Bitcoin Up or Down - January 13, 5:30AM-5:45AM ET",price_change,UP,0.25,1331.9,0.47,0.48
2026-01-13 18:40:22,277,"Bitcoin Up or Down - January 13, 5:30AM-5:45AM ET",price_change,UP,0.41,1368,0.47,0.48
2026-01-13 18:40:22,277,"Bitcoin Up or Down - January 13, 5:30AM-5:45AM ET",price_change,DOWN,0.52,1892.51,0.52,0.53
2026-01-13 18:40:23,276,"Bitcoin Up or Down - January 13, 5:30AM-5:45AM ET",price_change,UP,0.01,13225.28,0.47,0.48
2026-01-13 18:40:23,276,"Bitcoin Up or Down - January 13, 5:30AM-5:45AM ET",price_change,DOWN,0.5,1013.22,0.52,0.53
2026-01-13 18:40:24,275,"Bitcoin Up or Down - January 13, 5:30AM-5:45AM ET",price_change,UP,0.47,9,0.47,0.48
2026-01-13 18:40:24,275,"Bitcoin Up or Down - January 13, 5:30AM-5:45AM ET",price_change,DOWN,0.52,2315.53,0.52,0.53
2026-01-13 18:40:25,274,"Bitcoin Up or Down - January 13, 5:30AM-5:45AM ET",price_change,UP,0.46,27.85,0.46,0.47
2026-01-13 18:40:25,274,"Bitcoin Up or Down - January 13, 5:30AM-5:45AM ET",price_change,DOWN,0.38,2173.5,0.53,0.54
2026-01-13 18:40:26,273,"Bitcoin Up or Down - January 13, 5:30AM-5:45AM ET",price_change,DOWN,0.41,1155.18,0.55,0.56
2026-01-13 18:40:26,273,"Bitcoin Up or Down - January 13, 5:30AM-5:45AM ET",price_change,UP,0.2,64.1,0.44,0.45
2026-01-13 18:40:27,272,"Bitcoin Up or Down - January 13, 5:30AM-5:45AM ET",price_change,UP,0.44,267.85,0.44,0.45
2026-01-13 18:40:27,272,"Bitcoin Up or Down - January 13, 5:30AM-5:45AM ET",price_change,DOWN,0.52,2212.92,0.55,0.56
2026-01-13 18:40:28,271,"Bitcoin Up or Down - January 13, 5:30AM-5:45AM ET",price_change,UP,0.41,1430.4,0.43,0.44
2026-01-13 18:40:28,271,"Bitcoin Up or Down - January 13, 5:30AM-5:45AM ET",price_change,DOWN,0.56,155.06,0.56,0.57
2026-01-13 18:40:29,270,"Bitcoin Up or Down - January 13, 5:30AM-5:45AM ET",price_change,DOWN,0.56,278.42,0.56,0.57
2026-01-13 18:40:29,270,"Bitcoin Up or Down - January 13, 5:30AM-5:45AM ET",price_change,UP,0.09,5037.01,0.43,0.44
2026-01-13 18:40:30,269,"Bitcoin Up or Down - January 13, 5:30AM-5:45AM ET",price_change,UP,0.36,890.96,0.43,0.44
2026-01-13 18:40:30,269,"Bitcoin Up or Down - January 13, 5:30AM-5:45AM ET",price_change,DOWN,0.51,796,0.56,0.57
2026-01-13 18:40:31,268,"Bitcoin Up or Down - January 13, 5:30AM-5:45AM ET",price_change,DOWN,0.43,1100.99,0.56,0.57
2026-01-13 18:40:31,268,"Bitcoin Up or Down - January 13, 5:30AM-5:45AM ET",price_change,UP,0.43,1052.28,0.43,0.44
2026-01-13 18:40:32,267,"Bitcoin Up or Down - January 13, 5:30AM-5:45AM ET",price_change,DOWN,0.54,1340.5,0.56,0.57
2026-01-13 18:40:32,267,"Bitcoin Up or Down - January 13, 5:30AM-5:45AM ET",price_change,UP,0.43,1042.28,0.43,0.44
2026-01-13 18:40:33,266,"Bitcoin Up or Down - January 13, 5:30AM-5:45AM ET",price_change,DOWN,0.44,2128.81,0.56,0.57
2026-01-13 18:40:33,266,"Bitcoin Up or Down - January 13, 5:30AM-5:45AM ET",price_change,UP,0.15,3359.67,0.43,0.44
2026-01-13 18:40:34,265,"Bitcoin Up or Down - January 13, 5:30AM-5:45AM ET",price_change,DOWN,0.57,994.55,0.59,0.6
2026-01-13 18:40:34,265,"Bitcoin Up or Down - January 13, 5:30AM-5:45AM ET",price_change,UP,0.37,998.6,0.4,0.41
2026-01-13 18:40:35,264,"Bitcoin Up or Down - January 13, 5:30AM-5:45AM ET",price_change,DOWN,0.6,178,0.6,0.61
2026-01-13 18:40:35,264,"Bitcoin Up or Down - January 13, 5:30AM-5:45AM ET",price_change,UP,0.39,871.64,0.39,0.4
2026-01-13 18:40:36,263,"Bitcoin Up or Down - January 13, 5:30AM-5:45AM ET",price_change,DOWN,0.6,1129.37,0.6,0.61
2026-01-13 18:40:36,263,"Bitcoin Up or Down - January 13, 5:30AM-5:45AM ET",price_change,UP,0.39,410.96,0.39,0.4
2026-01-13 18:40:37,262,"Bitcoin Up or Down - January 13, 5:30AM-5:45AM ET",price_change,UP,0.39,298.57,0.39,0.4
2026-01-13 18:40:37,262,"Bitcoin Up or Down - January 13, 5:30AM-5:45AM ET",price_change,DOWN,0.6,908.54,0.6,0.61
2026-01-13 18:40:38,261,"Bitcoin Up or Down - January 13, 5:30AM-5:45AM ET",price_change,DOWN,0.6,1041.3,0.6,0.61
2026-01-13 18:40:38,261,"Bitcoin Up or Down - January 13, 5:30AM-5:45AM ET",price_change,UP,0.39,289.41,0.39,0.4
2026-01-13 18:40:39,260,"Bitcoin Up or Down - January 13, 5:30AM-5:45AM ET",price_change,DOWN,0.57,2171.05,0.6,0.61
2026-01-13 18:40:39,260,"Bitcoin Up or Down - January 13, 5:30AM-5:45AM ET",price_change,UP,0.33,1201.74,0.39,0.4
2026-01-13 18:40:40,259,"Bitcoin Up or Down - January 13, 5:30AM-5:45AM ET",price_change,DOWN,0.57,2156.05,0.6,0.61
2026-01-13 18:40:40,259,"Bitcoin Up or Down - January 13, 5:30AM-5:45AM ET",price_change,UP,0.33,1482.74,0.39,0.4
2026-01-13 18:40:41,258,"Bitcoin Up or Down - January 13, 5:30AM-5:45AM ET",price_change,DOWN,0.6,2136.34,0.61,0.62
2026-01-13 18:40:41,258,"Bitcoin Up or Down - January 13, 5:30AM-5:45AM ET",price_change,UP,0.33,1492.74,0.38,0.39
2026-01-13 18:40:42,257,"Bitcoin Up or Down - January 13, 5:30AM-5:45AM ET",price_change,DOWN,0.64,4.75,0.64,0.65
2026-01-13 18:40:42,257,"Bitcoin Up or Down - January 13, 5:30AM-5:45AM ET",price_change,UP,0.1,7934.4,0.35,0.36
2026-01-13 18:40:43,256,"Bitcoin Up or Down - January 13, 5:30AM-5:45AM ET",price_change,UP,0.31,1102.1,0.36,0.37
2026-01-13 18:40:43,256,"Bitcoin Up or Down - January 13, 5:30AM-5:45AM ET",price_change,DOWN,0.63,42,0.63,0.64
2026-01-13 18:40:44,255,"Bitcoin Up or Down - January 13, 5:30AM-5:45AM ET",price_change,UP,0.35,943.19,0.36,0.37
2026-01-13 18:40:44,255,"Bitcoin Up or Down - January 13, 5:30AM-5:45AM ET",price_change,DOWN,0.62,384.18,0.63,0.64
2026-01-13 18:40:45,254,"Bitcoin Up or Down - January 13, 5:30AM-5:45AM ET",price_change,UP,0.31,1333.1,0.36,0.37
2026-01-13 18:40:45,254,"Bitcoin Up or Down - January 13, 5:30AM-5:45AM ET",price_change,DOWN,0.63,294.52,0.63,0.64
2026-01-13 18:40:46,253,"Bitcoin Up or Down - January 13, 5:30AM-5:45AM ET",price_change,UP,0.34,1394.3,0.35,0.36
2026-01-13 18:40:46,253,"Bitcoin Up or Down - January 13, 5:30AM-5:45AM ET",price_change,DOWN,0.62,317.58,0.64,0.65
2026-01-13 18:40:47,252,"Bitcoin Up or Down - January 13, 5:30AM-5:45AM ET",price_change,UP,0.3,1269.2,0.35,0.36
2026-01-13 18:40:47,252,"Bitcoin Up or Down - January 13, 5:30AM-5:45AM ET",price_change,DOWN,0.62,214.31,0.64,0.65
2026-01-13 18:40:48,251,"Bitcoin Up or Down - January 13, 5:30AM-5:45AM ET",price_change,DOWN,0.65,933.68,0.65,0.66
2026-01-13 18:40:48,251,"Bitcoin Up or Down - January 13, 5:30AM-5:45AM ET",price_change,UP,0.32,1108.34,0.34,0.35
2026-01-13 18:40:49,250,"Bitcoin Up or Down - January 13, 5:30AM-5:45AM ET",price_change,DOWN,0.65,1336.18,0.65,0.66
2026-01-13 18:40:49,250,"Bitcoin Up or Down - January 13, 5:30AM-5:45AM ET",price_change,UP,0.34,76.9,0.34,0.35
2026-01-13 18:40:50,249,"Bitcoin Up or Down - January 13, 5:30AM-5:45AM ET",price_change,UP,0.32,1147.73,0.34,0.35
2026-01-13 18:40:50,249,"Bitcoin Up or Down - January 13, 5:30AM-5:45AM ET",price_change,DOWN,0.63,170.33,0.65,0.66
2026-01-13 18:40:51,248,"Bitcoin Up or Down - January 13, 5:30AM-5:45AM ET",price_change,UP,0.32,957.23,0.34,0.35
2026-01-13 18:40:51,248,"Bitcoin Up or Down - January 13, 5:30AM-5:45AM ET",price_change,DOWN,0.63,910.33,0.65,0.66
2026-01-13 18:40:52,247,"Bitcoin Up or Down - January 13, 5:30AM-5:45AM ET",price_change,UP,0.32,107.9,0.32,0.33
2026-01-13 18:40:52,247,"Bitcoin Up or Down - January 13, 5:30AM-5:45AM ET",price_change,DOWN,0.55,1657,0.67,0.68
2026-01-13 18:40:53,246,"Bitcoin Up or Down - January 13, 5:30AM-5:45AM ET",price_change,UP,0.29,949.3,0.31,0.32
2026-01-13 18:40:53,246,"Bitcoin Up or Down - January 13, 5:30AM-5:45AM ET",price_change,DOWN,0.67,465.2,0.68,0.69
2026-01-13 18:40:54,245,"Bitcoin Up or Down - January 13, 5:30AM-5:45AM ET",price_change,DOWN,0.58,1342,0.68,0.69
2026-01-13 18:40:54,245,"Bitcoin Up or Down - January 13, 5:30AM-5:45AM ET",price_change,UP,0.3,1068.2,0.31,0.32
2026-01-13 18:40:55,244,"Bitcoin Up or Down - January 13, 5:30AM-5:45AM ET",price_change,UP,0.23,1139.3,0.3,0.31
2026-01-13 18:40:55,244,"Bitcoin Up or Down - January 13, 5:30AM-5:45AM ET",price_change,DOWN,0.66,79.5,0.69,0.7
2026-01-13 18:40:56,243,"Bitcoin Up or Down - January 13, 5:30AM-5:45AM ET",price_change,DOWN,0.69,277.39,0.7,0.71
2026-01-13 18:40:56,243,"Bitcoin Up or Down - January 13, 5:30AM-5:45AM ET",price_change,UP,0.29,1271.25,0.29,0.3
2026-01-13 18:40:57,242,"Bitcoin Up or Down - January 13, 5:30AM-5:45AM ET",price_change,DOWN,0.66,895,0.7,0.71
2026-01-13 18:40:57,242,"Bitcoin Up or Down - January 13, 5:30AM-5:45AM ET",price_change,UP,0.27,1121,0.29,0.3
2026-01-13 18:40:58,241,"Bitcoin Up or Down - January 13, 5:30AM-5:45AM ET",price_change,DOWN,0.64,1979.81,0.7,0.71
2026-01-13 18:40:58,241,"Bitcoin Up or Down - January 13, 5:30AM-5:45AM ET",price_change,UP,0.22,1103.6,0.29,0.3
2026-01-13 18:40:59,240,"Bitcoin Up or Down - January 13, 5:30AM-5:45AM ET",price_change,DOWN,0.71,772.66,0.71,0.72
2026-01-13 18:40:59,240,"Bitcoin Up or Down - January 13, 5:30AM-5:45AM ET",price_change,UP,0.23,1124.8,0.28,0.29
2026-01-13 18:41:00,239,"Bitcoin Up or Down - January 13, 5:30AM-5:45AM ET",price_change,DOWN,0.71,702.73,0.71,0.72
2026-01-13 18:41:00,239,"Bitcoin Up or Down - January 13, 5:30AM-5:45AM ET",price_change,UP,0.24,1143.5,0.28,0.29
2026-01-13 18:41:01,238,"Bitcoin Up or Down - January 13, 5:30AM-5:45AM ET",price_change,DOWN,0.51,1193.85,0.71,0.72
2026-01-13 18:41:01,238,"Bitcoin Up or Down - January 13, 5:30AM-5:45AM ET",price_change,UP,0.27,331,0.28,0.29
2026-01-13 18:41:02,237,"Bitcoin Up or Down - January 13, 5:30AM-5:45AM ET",price_change,DOWN,0.68,1797,0.72,0.73
2026-01-13 18:41:02,237,"Bitcoin Up or Down - January 13, 5:30AM-5:45AM ET",price_change,UP,0.24,1375.5,0.27,0.28
2026-01-13 18:41:03,236,"Bitcoin Up or Down - January 13, 5:30AM-5:45AM ET",price_change,DOWN,0.74,496.66,0.74,0.75
2026-01-13 18:41:03,236,"Bitcoin Up or Down - January 13, 5:30AM-5:45AM ET",price_change,UP,0.25,27.3,0.25,0.26
2026-01-13 18:41:04,235,"Bitcoin Up or Down - January 13, 5:30AM-5:45AM ET",price_change,UP,0.25,764.66,0.25,0.26
2026-01-13 18:41:04,235,"Bitcoin Up or Down - January 13, 5:30AM-5:45AM ET",price_change,DOWN,0.72,1939.27,0.74,0.75
2026-01-13 18:41:05,234,"Bitcoin Up or Down - January 13, 5:30AM-5:45AM ET",price_change,UP,0.17,1061.09,0.23,0.25
2026-01-13 18:41:05,234,"Bitcoin Up or Down - January 13, 5:30AM-5:45AM ET",price_change,DOWN,0.75,1801.35,0.75,0.77
2026-01-13 18:41:06,233,"Bitcoin Up or Down - January 13, 5:30AM-5:45AM ET",price_change,UP,0.03,2936.41,0.18,0.19
2026-01-13 18:41:06,233,"Bitcoin Up or Down - January 13, 5:30AM-5:45AM ET",price_change,DOWN,0.76,1495,0.81,0.82
2026-01-13 18:41:07,232,"Bitcoin Up or Down - January 13, 5:30AM-5:45AM ET",price_change,DOWN,0.81,1409.45,0.91,0.92
2026-01-13 18:41:07,232,"Bitcoin Up or Down - January 13, 5:30AM-5:45AM ET",price_change,UP,0.07,345.29,0.08,0.09
2026-01-13 18:41:08,231,"Bitcoin Up or Down - January 13, 5:30AM-5:45AM ET",price_change,UP,0.07,0,0.05,0.1
