timestamp,left (real time),event,event_type,buy_pick,buy_price,buy_size,buy_best_bid,buy_best_ask
2026-01-14 09:07:23,457,"Bitcoin Up or Down - January 13, 8:00PM-8:15PM ET",price_change,DOWN,0.11,725.8,0.11,0.12
2026-01-14 09:07:23,457,"Bitcoin Up or Down - January 13, 8:00PM-8:15PM ET",price_change,UP,0.87,81,0.88,0.89
2026-01-14 09:07:23,456,"Bitcoin Up or Down - January 13, 8:00PM-8:15PM ET",price_change,UP,0.85,1641.71,0.88,0.89
2026-01-14 09:07:23,456,"Bitcoin Up or Down - January 13, 8:00PM-8:15PM ET",price_change,DOWN,0.01,6259.6,0.11,0.12
2026-01-14 09:07:24,455,"Bitcoin Up or Down - January 13, 8:00PM-8:15PM ET",price_change,UP,0.87,129,0.88,0.89
2026-01-14 09:07:25,455,"Bitcoin Up or Down - January 13, 8:00PM-8:15PM ET",price_change,DOWN,0.02,3684.4,0.11,0.12
2026-01-14 09:07:25,454,"Bitcoin Up or Down - January 13, 8:00PM-8:15PM ET",price_change,DOWN,0.04,229.65,0.11,0.12
2026-01-14 09:07:25,454,"Bitcoin Up or Down - January 13, 8:00PM-8:15PM ET",price_change,UP,0.65,25.7,0.88,0.89
2026-01-14 09:07:26,453,"Bitcoin Up or Down - January 13, 8:00PM-8:15PM ET",price_change,UP,0.85,1426.71,0.88,0.89
2026-01-14 09:07:26,453,"Bitcoin Up or Down - January 13, 8:00PM-8:15PM ET",price_change,DOWN,0.04,279.65,0.11,0.12
2026-01-14 09:07:27,452,"Bitcoin Up or Down - January 13, 8:00PM-8:15PM ET",price_change,UP,0.89,2281.35,0.89,0.9
2026-01-14 09:07:27,452,"Bitcoin Up or Down - January 13, 8:00PM-8:15PM ET",price_change,DOWN,0.08,438.94,0.1,0.11
2026-01-14 09:07:28,451,"Bitcoin Up or Down - January 13, 8:00PM-8:15PM ET",price_change,UP,0.87,585.94,0.89,0.9
2026-01-14 09:07:29,451,"Bitcoin Up or Down - January 13, 8:00PM-8:15PM ET",price_change,DOWN,0.1,7.5,0.1,0.11
2026-01-14 09:07:29,450,"Bitcoin Up or Down - January 13, 8:00PM-8:15PM ET",price_change,UP,0.87,539.94,0.89,0.9
2026-01-14 09:07:29,450,"Bitcoin Up or Down - January 13, 8:00PM-8:15PM ET",price_change,DOWN,0.09,851.11,0.1,0.11
2026-01-14 09:07:30,449,"Bitcoin Up or Down - January 13, 8:00PM-8:15PM ET",price_change,UP,0.87,470.71,0.9,0.91
2026-01-14 09:07:30,449,"Bitcoin Up or Down - January 13, 8:00PM-8:15PM ET",price_change,DOWN,0.09,968.22,0.09,0.1
2026-01-14 09:07:31,448,"Bitcoin Up or Down - January 13, 8:00PM-8:15PM ET",price_change,DOWN,0.05,277.78,0.11,0.12
2026-01-14 09:07:31,448,"Bitcoin Up or Down - January 13, 8:00PM-8:15PM ET",price_change,UP,0.87,13.2,0.87,0.89
2026-01-14 09:07:32,447,"Bitcoin Up or Down - January 13, 8:00PM-8:15PM ET",price_change,UP,0.74,16.8,0.86,0.88
2026-01-14 09:07:32,447,"Bitcoin Up or Down - January 13, 8:00PM-8:15PM ET",price_change,DOWN,0.12,26,0.12,0.14
2026-01-14 09:07:33,446,"Bitcoin Up or Down - January 13, 8:00PM-8:15PM ET",price_change,UP,0.78,228.81,0.88,0.89
2026-01-14 09:07:33,446,"Bitcoin Up or Down - January 13, 8:00PM-8:15PM ET",price_change,DOWN,0.04,229.65,0.11,0.12
2026-01-14 09:07:34,445,"Bitcoin Up or Down - January 13, 8:00PM-8:15PM ET",price_change,UP,0.84,80,0.87,0.88
2026-01-14 09:07:34,445,"Bitcoin Up or Down - January 13, 8:00PM-8:15PM ET",price_change,DOWN,0.08,284.42,0.12,0.13
2026-01-14 09:07:35,444,"Bitcoin Up or Down - January 13, 8:00PM-8:15PM ET",price_change,DOWN,0.12,47.72,0.12,0.13
2026-01-14 09:07:35,444,"Bitcoin Up or Down - January 13, 8:00PM-8:15PM ET",price_change,UP,0.86,1115.33,0.87,0.88
2026-01-14 09:07:36,443,"Bitcoin Up or Down - January 13, 8:00PM-8:15PM ET",price_change,DOWN,0.11,918.83,0.12,0.13
2026-01-14 09:07:36,443,"Bitcoin Up or Down - January 13, 8:00PM-8:15PM ET",price_change,UP,0.86,1149.33,0.87,0.88
2026-01-14 09:07:37,442,"Bitcoin Up or Down - January 13, 8:00PM-8:15PM ET",price_change,UP,0.87,220.19,0.87,0.88
2026-01-14 09:07:37,442,"Bitcoin Up or Down - January 13, 8:00PM-8:15PM ET",price_change,DOWN,0.05,357.78,0.12,0.13
2026-01-14 09:07:38,441,"Bitcoin Up or Down - January 13, 8:00PM-8:15PM ET",price_change,DOWN,0.12,262.42,0.12,0.13
2026-01-14 09:07:38,441,"Bitcoin Up or Down - January 13, 8:00PM-8:15PM ET",price_change,UP,0.86,1085.98,0.87,0.88
2026-01-14 09:07:39,440,"Bitcoin Up or Down - January 13, 8:00PM-8:15PM ET",price_change,DOWN,0.13,3.81,0.13,0.14
2026-01-14 09:07:39,440,"Bitcoin Up or Down - January 13, 8:00PM-8:15PM ET",price_change,UP,0.71,16.3,0.86,0.87
2026-01-14 09:07:40,439,"Bitcoin Up or Down - January 13, 8:00PM-8:15PM ET",price_change,UP,0.83,1231.08,0.85,0.86
2026-01-14 09:07:40,439,"Bitcoin Up or Down - January 13, 8:00PM-8:15PM ET",price_change,DOWN,0.12,737,0.14,0.15
2026-01-14 09:07:41,438,"Bitcoin Up or Down - January 13, 8:00PM-8:15PM ET",price_change,DOWN,0.14,2.8,0.14,0.15
2026-01-14 09:07:41,438,"Bitcoin Up or Down - January 13, 8:00PM-8:15PM ET",price_change,UP,0.85,299.18,0.85,0.86
2026-01-14 09:07:42,437,"Bitcoin Up or Down - January 13, 8:00PM-8:15PM ET",price_change,UP,0.65,25.7,0.86,0.87
2026-01-14 09:07:42,437,"Bitcoin Up or Down - January 13, 8:00PM-8:15PM ET",price_change,DOWN,0.13,16.34,0.13,0.14
2026-01-14 09:07:43,436,"Bitcoin Up or Down - January 13, 8:00PM-8:15PM ET",price_change,UP,0.83,1048.74,0.86,0.87
2026-01-14 09:07:43,436,"Bitcoin Up or Down - January 13, 8:00PM-8:15PM ET",price_change,DOWN,0.12,874,0.13,0.14
2026-01-14 09:07:44,435,"Bitcoin Up or Down - January 13, 8:00PM-8:15PM ET",price_change,DOWN,0.05,362.78,0.13,0.14
2026-01-14 09:07:44,435,"Bitcoin Up or Down - January 13, 8:00PM-8:15PM ET",price_change,UP,0.74,21.8,0.86,0.87
2026-01-14 09:07:45,434,"Bitcoin Up or Down - January 13, 8:00PM-8:15PM ET",price_change,UP,0.87,240.19,0.87,0.88
2026-01-14 09:07:45,434,"Bitcoin Up or Down - January 13, 8:00PM-8:15PM ET",price_change,DOWN,0.11,205,0.12,0.13
2026-01-14 09:07:46,433,"Bitcoin Up or Down - January 13, 8:00PM-8:15PM ET",price_change,UP,0.84,119.33,0.87,0.88
2026-01-14 09:07:47,433,"Bitcoin Up or Down - January 13, 8:00PM-8:15PM ET",price_change,DOWN,0.12,847.98,0.12,0.13
2026-01-14 09:07:47,432,"Bitcoin Up or Down - January 13, 8:00PM-8:15PM ET",price_change,UP,0.87,1078.19,0.87,0.88
2026-01-14 09:07:47,432,"Bitcoin Up or Down - January 13, 8:00PM-8:15PM ET",price_change,DOWN,0.04,229.65,0.12,0.13
2026-01-14 09:07:48,431,"Bitcoin Up or Down - January 13, 8:00PM-8:15PM ET",price_change,UP,0.86,145.03,0.87,0.88
2026-01-14 09:07:48,431,"Bitcoin Up or Down - January 13, 8:00PM-8:15PM ET",price_change,DOWN,0.12,777.98,0.12,0.13
2026-01-14 09:07:49,430,"Bitcoin Up or Down - January 13, 8:00PM-8:15PM ET",price_change,UP,0.84,48,0.87,0.88
2026-01-14 09:07:50,430,"Bitcoin Up or Down - January 13, 8:00PM-8:15PM ET",price_change,DOWN,0.12,758.48,0.12,0.13
2026-01-14 09:07:50,429,"Bitcoin Up or Down - January 13, 8:00PM-8:15PM ET",price_change,DOWN,0.03,526.36,0.12,0.13
2026-01-14 09:07:50,429,"Bitcoin Up or Down - January 13, 8:00PM-8:15PM ET",price_change,UP,0.85,514.87,0.87,0.88
2026-01-14 09:07:51,428,"Bitcoin Up or Down - January 13, 8:00PM-8:15PM ET",price_change,UP,0.86,319.97,0.87,0.89
2026-01-14 09:07:51,428,"Bitcoin Up or Down - January 13, 8:00PM-8:15PM ET",price_change,DOWN,0.11,177.54,0.11,0.13
2026-01-14 09:07:52,427,"Bitcoin Up or Down - January 13, 8:00PM-8:15PM ET",price_change,UP,0.85,296.07,0.88,0.89
2026-01-14 09:07:52,427,"Bitcoin Up or Down - January 13, 8:00PM-8:15PM ET",price_change,DOWN,0.11,176.41,0.11,0.12
2026-01-14 09:07:53,426,"Bitcoin Up or Down - January 13, 8:00PM-8:15PM ET",price_change,UP,0.79,82.6,0.88,0.89
2026-01-14 09:07:53,426,"Bitcoin Up or Down - January 13, 8:00PM-8:15PM ET",price_change,DOWN,0.04,234.65,0.11,0.12
2026-01-14 09:07:54,425,"Bitcoin Up or Down - January 13, 8:00PM-8:15PM ET",price_change,UP,0.87,1139.65,0.88,0.89
2026-01-14 09:07:54,425,"Bitcoin Up or Down - January 13, 8:00PM-8:15PM ET",price_change,DOWN,0.1,6261,0.11,0.12
2026-01-14 09:07:55,424,"Bitcoin Up or Down - January 13, 8:00PM-8:15PM ET",price_change,UP,0.85,1125,0.88,0.89
2026-01-14 09:07:55,424,"Bitcoin Up or Down - January 13, 8:00PM-8:15PM ET",price_change,DOWN,0.11,224.67,0.11,0.12
2026-01-14 09:07:56,423,"Bitcoin Up or Down - January 13, 8:00PM-8:15PM ET",price_change,UP,0.88,30,0.88,0.89
2026-01-14 09:07:56,423,"Bitcoin Up or Down - January 13, 8:00PM-8:15PM ET",price_change,DOWN,0.04,234.65,0.11,0.12
2026-01-14 09:07:57,422,"Bitcoin Up or Down - January 13, 8:00PM-8:15PM ET",price_change,UP,0.85,1026,0.88,0.89
2026-01-14 09:07:57,422,"Bitcoin Up or Down - January 13, 8:00PM-8:15PM ET",price_change,DOWN,0.04,259.65,0.11,0.12
2026-01-14 09:07:58,421,"Bitcoin Up or Down - January 13, 8:00PM-8:15PM ET",price_change,UP,0.85,1036,0.87,0.88
2026-01-14 09:07:58,421,"Bitcoin Up or Down - January 13, 8:00PM-8:15PM ET",price_change,DOWN,0.12,41,0.12,0.13
2026-01-14 09:07:59,420,"Bitcoin Up or Down - January 13, 8:00PM-8:15PM ET",price_change,UP,0.83,303,0.87,0.88
2026-01-14 09:07:59,420,"Bitcoin Up or Down - January 13, 8:00PM-8:15PM ET",price_change,DOWN,0.11,57.3,0.12,0.13
2026-01-14 09:08:00,419,"Bitcoin Up or Down - January 13, 8:00PM-8:15PM ET",price_change,DOWN,0.14,11.37,0.14,0.15
2026-01-14 09:08:00,419,"Bitcoin Up or Down - January 13, 8:00PM-8:15PM ET",price_change,UP,0.72,21.4,0.85,0.86
2026-01-14 09:08:01,418,"Bitcoin Up or Down - January 13, 8:00PM-8:15PM ET",price_change,DOWN,0.11,26.41,0.11,0.13
2026-01-14 09:08:01,418,"Bitcoin Up or Down - January 13, 8:00PM-8:15PM ET",price_change,UP,0.86,88,0.87,0.89
2026-01-14 09:08:02,417,"Bitcoin Up or Down - January 13, 8:00PM-8:15PM ET",price_change,UP,0.84,381.08,0.87,0.88
2026-01-14 09:08:02,417,"Bitcoin Up or Down - January 13, 8:00PM-8:15PM ET",price_change,DOWN,0.12,759,0.12,0.13
2026-01-14 09:08:03,416,"Bitcoin Up or Down - January 13, 8:00PM-8:15PM ET",price_change,DOWN,0.12,667.25,0.13,0.14
2026-01-14 09:08:03,416,"Bitcoin Up or Down - January 13, 8:00PM-8:15PM ET",price_change,UP,0.83,407.65,0.86,0.87
2026-01-14 09:08:04,415,"Bitcoin Up or Down - January 13, 8:00PM-8:15PM ET",price_change,DOWN,0.12,672.25,0.13,0.14
2026-01-14 09:08:04,415,"Bitcoin Up or Down - January 13, 8:00PM-8:15PM ET",price_change,UP,0.84,144,0.86,0.87
2026-01-14 09:08:05,414,"Bitcoin Up or Down - January 13, 8:00PM-8:15PM ET",price_change,UP,0.86,253.36,0.89,0.9
2026-01-14 09:08:05,414,"Bitcoin Up or Down - January 13, 8:00PM-8:15PM ET",price_change,DOWN,0.1,6536.31,0.1,0.11
2026-01-14 09:08:06,413,"Bitcoin Up or Down - January 13, 8:00PM-8:15PM ET",price_change,DOWN,0.11,48,0.11,0.12
2026-01-14 09:08:06,413,"Bitcoin Up or Down - January 13, 8:00PM-8:15PM ET",price_change,UP,0.88,198,0.88,0.89
2026-01-14 09:08:07,412,"Bitcoin Up or Down - January 13, 8:00PM-8:15PM ET",price_change,UP,0.87,462.31,0.88,0.9
2026-01-14 09:08:07,412,"Bitcoin Up or Down - January 13, 8:00PM-8:15PM ET",price_change,DOWN,0.06,709.17,0.1,0.12
2026-01-14 09:08:08,411,"Bitcoin Up or Down - January 13, 8:00PM-8:15PM ET",price_change,UP,0.87,308,0.89,0.9
2026-01-14 09:08:09,411,"Bitcoin Up or Down - January 13, 8:00PM-8:15PM ET",price_change,DOWN,0.07,391.57,0.1,0.11
2026-01-14 09:08:09,410,"Bitcoin Up or Down - January 13, 8:00PM-8:15PM ET",price_change,UP,0.8,600.1,0.89,0.9
2026-01-14 09:08:10,410,"Bitcoin Up or Down - January 13, 8:00PM-8:15PM ET",price_change,DOWN,0.1,6498.56,0.1,0.12
2026-01-14 09:08:10,409,"Bitcoin Up or Down - January 13, 8:00PM-8:15PM ET",price_change,UP,0.66,35.8,0.88,0.89
2026-01-14 09:08:10,409,"Bitcoin Up or Down - January 13, 8:00PM-8:15PM ET",price_change,DOWN,0.04,449.65,0.11,0.12
2026-01-14 09:08:11,408,"Bitcoin Up or Down - January 13, 8:00PM-8:15PM ET",price_change,UP,0.88,155.69,0.88,0.89
2026-01-14 09:08:12,408,"Bitcoin Up or Down - January 13, 8:00PM-8:15PM ET",price_change,DOWN,0.03,474.36,0.11,0.12
2026-01-14 09:08:12,407,"Bitcoin Up or Down - January 13, 8:00PM-8:15PM ET",price_change,UP,0.87,427.51,0.88,0.89
2026-01-14 09:08:12,407,"Bitcoin Up or Down - January 13, 8:00PM-8:15PM ET",price_change,DOWN,0.1,6603.55,0.11,0.12
2026-01-14 09:08:13,406,"Bitcoin Up or Down - January 13, 8:00PM-8:15PM ET",price_change,UP,0.85,1019,0.88,0.89
2026-01-14 09:08:13,406,"Bitcoin Up or Down - January 13, 8:00PM-8:15PM ET",price_change,DOWN,0.06,709.17,0.11,0.12
2026-01-14 09:08:14,405,"Bitcoin Up or Down - January 13, 8:00PM-8:15PM ET",price_change,DOWN,0.03,463.36,0.1,0.11
2026-01-14 09:08:14,405,"Bitcoin Up or Down - January 13, 8:00PM-8:15PM ET",price_change,UP,0.66,25.8,0.89,0.9
2026-01-14 09:08:15,404,"Bitcoin Up or Down - January 13, 8:00PM-8:15PM ET",price_change,UP,0.89,1288.61,0.89,0.9
2026-01-14 09:08:15,404,"Bitcoin Up or Down - January 13, 8:00PM-8:15PM ET",price_change,DOWN,0.08,357.5,0.1,0.11
2026-01-14 09:08:16,403,"Bitcoin Up or Down - January 13, 8:00PM-8:15PM ET",price_change,UP,0.86,736.77,0.89,0.9
2026-01-14 09:08:16,403,"Bitcoin Up or Down - January 13, 8:00PM-8:15PM ET",price_change,DOWN,0.09,77.91,0.1,0.11
2026-01-14 09:08:17,402,"Bitcoin Up or Down - January 13, 8:00PM-8:15PM ET",price_change,UP,0.87,137.24,0.89,0.9
2026-01-14 09:08:18,402,"Bitcoin Up or Down - January 13, 8:00PM-8:15PM ET",price_change,DOWN,0.1,5462.7,0.1,0.11
2026-01-14 09:08:18,401,"Bitcoin Up or Down - January 13, 8:00PM-8:15PM ET",price_change,UP,0.86,736.77,0.89,0.9
2026-01-14 09:08:19,401,"Bitcoin Up or Down - January 13, 8:00PM-8:15PM ET",price_change,DOWN,0.04,260.65,0.1,0.11
2026-01-14 09:08:19,400,"Bitcoin Up or Down - January 13, 8:00PM-8:15PM ET",price_change,DOWN,0.1,5426.7,0.1,0.11
2026-01-14 09:08:19,400,"Bitcoin Up or Down - January 13, 8:00PM-8:15PM ET",price_change,UP,0.66,25.8,0.89,0.9
2026-01-14 09:08:20,399,"Bitcoin Up or Down - January 13, 8:00PM-8:15PM ET",price_change,DOWN,0.09,772.91,0.1,0.11
2026-01-14 09:08:20,399,"Bitcoin Up or Down - January 13, 8:00PM-8:15PM ET",price_change,UP,0.86,720.7,0.89,0.9
2026-01-14 09:08:21,398,"Bitcoin Up or Down - January 13, 8:00PM-8:15PM ET",price_change,UP,0.86,947.7,0.89,0.9
2026-01-14 09:08:21,398,"Bitcoin Up or Down - January 13, 8:00PM-8:15PM ET",price_change,DOWN,0.1,5404.11,0.1,0.11
2026-01-14 09:08:22,397,"Bitcoin Up or Down - January 13, 8:00PM-8:15PM ET",price_change,DOWN,0.09,850.91,0.11,0.12
2026-01-14 09:08:22,397,"Bitcoin Up or Down - January 13, 8:00PM-8:15PM ET",price_change,UP,0.86,1088.41,0.88,0.89
2026-01-14 09:08:23,396,"Bitcoin Up or Down - January 13, 8:00PM-8:15PM ET",price_change,UP,0.85,289.14,0.88,0.89
2026-01-14 09:08:23,396,"Bitcoin Up or Down - January 13, 8:00PM-8:15PM ET",price_change,DOWN,0.11,1.87,0.11,0.12
2026-01-14 09:08:24,395,"Bitcoin Up or Down - January 13, 8:00PM-8:15PM ET",price_change,UP,0.86,845.41,0.89,0.9
2026-01-14 09:08:24,395,"Bitcoin Up or Down - January 13, 8:00PM-8:15PM ET",price_change,DOWN,0.08,311.2,0.1,0.11
2026-01-14 09:08:25,394,"Bitcoin Up or Down - January 13, 8:00PM-8:15PM ET",price_change,UP,0.88,431.03,0.89,0.9
2026-01-14 09:08:25,394,"Bitcoin Up or Down - January 13, 8:00PM-8:15PM ET",price_change,DOWN,0.09,784.91,0.1,0.11
2026-01-14 09:08:26,393,"Bitcoin Up or Down - January 13, 8:00PM-8:15PM ET",price_change,DOWN,0.02,2992.25,0.1,0.11
2026-01-14 09:08:26,393,"Bitcoin Up or Down - January 13, 8:00PM-8:15PM ET",price_change,UP,0.77,37.3,0.89,0.9
2026-01-14 09:08:27,392,"Bitcoin Up or Down - January 13, 8:00PM-8:15PM ET",price_change,DOWN,0.11,0,0.1,0.12
2026-01-14 09:08:27,392,"Bitcoin Up or Down - January 13, 8:00PM-8:15PM ET",price_change,UP,0.86,157.7,0.88,0.9
2026-01-14 09:08:28,391,"Bitcoin Up or Down - January 13, 8:00PM-8:15PM ET",price_change,UP,0.86,1.3,0.86,0.87
2026-01-14 09:08:28,391,"Bitcoin Up or Down - January 13, 8:00PM-8:15PM ET",price_change,DOWN,0.01,5785.55,0.13,0.14
2026-01-14 09:08:29,390,"Bitcoin Up or Down - January 13, 8:00PM-8:15PM ET",price_change,UP,0.73,21.6,0.85,0.86
2026-01-14 09:08:29,390,"Bitcoin Up or Down - January 13, 8:00PM-8:15PM ET",price_change,DOWN,0.06,728.02,0.14,0.15
2026-01-14 09:08:30,389,"Bitcoin Up or Down - January 13, 8:00PM-8:15PM ET",price_change,UP,0.66,35.8,0.87,0.88
2026-01-14 09:08:30,389,"Bitcoin Up or Down - January 13, 8:00PM-8:15PM ET",price_change,DOWN,0.03,474.36,0.12,0.13
2026-01-14 09:08:31,388,"Bitcoin Up or Down - January 13, 8:00PM-8:15PM ET",price_change,UP,0.83,943,0.87,0.88
2026-01-14 09:08:31,388,"Bitcoin Up or Down - January 13, 8:00PM-8:15PM ET",price_change,DOWN,0.1,5075.57,0.12,0.13
2026-01-14 09:08:32,387,"Bitcoin Up or Down - January 13, 8:00PM-8:15PM ET",price_change,UP,0.86,303,0.87,0.88
2026-01-14 09:08:32,387,"Bitcoin Up or Down - January 13, 8:00PM-8:15PM ET",price_change,DOWN,0.11,854.3,0.12,0.13
2026-01-14 09:08:33,386,"Bitcoin Up or Down - January 13, 8:00PM-8:15PM ET",price_change,UP,0.82,1108.83,0.87,0.88
2026-01-14 09:08:33,386,"Bitcoin Up or Down - January 13, 8:00PM-8:15PM ET",price_change,DOWN,0.02,3032.25,0.12,0.13
2026-01-14 09:08:34,385,"Bitcoin Up or Down - January 13, 8:00PM-8:15PM ET",price_change,UP,0.85,255.64,0.85,0.86
2026-01-14 09:08:34,385,"Bitcoin Up or Down - January 13, 8:00PM-8:15PM ET",price_change,DOWN,0.12,51.29,0.14,0.15
2026-01-14 09:08:35,384,"Bitcoin Up or Down - January 13, 8:00PM-8:15PM ET",price_change,UP,0.82,1268.77,0.86,0.87
2026-01-14 09:08:35,384,"Bitcoin Up or Down - January 13, 8:00PM-8:15PM ET",price_change,DOWN,0.05,277.78,0.13,0.14
2026-01-14 09:08:36,383,"Bitcoin Up or Down - January 13, 8:00PM-8:15PM ET",price_change,UP,0.85,345,0.86,0.87
2026-01-14 09:08:36,383,"Bitcoin Up or Down - January 13, 8:00PM-8:15PM ET",price_change,DOWN,0.1,5050.57,0.13,0.14
2026-01-14 09:08:37,382,"Bitcoin Up or Down - January 13, 8:00PM-8:15PM ET",price_change,UP,0.83,49.19,0.85,0.87
2026-01-14 09:08:37,382,"Bitcoin Up or Down - January 13, 8:00PM-8:15PM ET",price_change,DOWN,0.01,5795.55,0.13,0.15
2026-01-14 09:08:38,381,"Bitcoin Up or Down - January 13, 8:00PM-8:15PM ET",price_change,DOWN,0.12,80.16,0.14,0.15
2026-01-14 09:08:38,381,"Bitcoin Up or Down - January 13, 8:00PM-8:15PM ET",price_change,UP,0.82,1287.58,0.85,0.86
2026-01-14 09:08:39,380,"Bitcoin Up or Down - January 13, 8:00PM-8:15PM ET",price_change,DOWN,0.08,421.2,0.13,0.14
2026-01-14 09:08:39,380,"Bitcoin Up or Down - January 13, 8:00PM-8:15PM ET",price_change,UP,0.85,263.66,0.86,0.87
2026-01-14 09:08:40,379,"Bitcoin Up or Down - January 13, 8:00PM-8:15PM ET",price_change,UP,0.64,35.6,0.86,0.87
2026-01-14 09:08:40,379,"Bitcoin Up or Down - January 13, 8:00PM-8:15PM ET",price_change,DOWN,0.05,297.78,0.13,0.14
2026-01-14 09:08:41,378,"Bitcoin Up or Down - January 13, 8:00PM-8:15PM ET",price_change,DOWN,0.04,219.65,0.13,0.14
2026-01-14 09:08:41,378,"Bitcoin Up or Down - January 13, 8:00PM-8:15PM ET",price_change,UP,0.85,262,0.86,0.87
2026-01-14 09:08:42,377,"Bitcoin Up or Down - January 13, 8:00PM-8:15PM ET",price_change,UP,0.85,68,0.86,0.87
2026-01-14 09:08:42,377,"Bitcoin Up or Down - January 13, 8:00PM-8:15PM ET",price_change,DOWN,0.13,699.88,0.13,0.14
2026-01-14 09:08:43,376,"Bitcoin Up or Down - January 13, 8:00PM-8:15PM ET",price_change,UP,0.84,108.67,0.87,0.88
2026-01-14 09:08:43,376,"Bitcoin Up or Down - January 13, 8:00PM-8:15PM ET",price_change,DOWN,0.12,147.16,0.12,0.13
2026-01-14 09:08:44,375,"Bitcoin Up or Down - January 13, 8:00PM-8:15PM ET",price_change,UP,0.64,25.6,0.87,0.88
2026-01-14 09:08:44,375,"Bitcoin Up or Down - January 13, 8:00PM-8:15PM ET",price_change,DOWN,0.06,727.17,0.12,0.13
2026-01-14 09:08:45,374,"Bitcoin Up or Down - January 13, 8:00PM-8:15PM ET",price_change,DOWN,0.06,829.17,0.12,0.13
2026-01-14 09:08:45,374,"Bitcoin Up or Down - January 13, 8:00PM-8:15PM ET",price_change,UP,0.87,119.6,0.87,0.88
2026-01-14 09:08:46,373,"Bitcoin Up or Down - January 13, 8:00PM-8:15PM ET",price_change,DOWN,0.09,310.17,0.12,0.13
2026-01-14 09:08:46,373,"Bitcoin Up or Down - January 13, 8:00PM-8:15PM ET",price_change,UP,0.86,2197,0.87,0.88
2026-01-14 09:08:47,372,"Bitcoin Up or Down - January 13, 8:00PM-8:15PM ET",price_change,DOWN,0.12,104.41,0.12,0.13
2026-01-14 09:08:47,372,"Bitcoin Up or Down - January 13, 8:00PM-8:15PM ET",price_change,UP,0.68,16,0.87,0.88
2026-01-14 09:08:48,371,"Bitcoin Up or Down - January 13, 8:00PM-8:15PM ET",price_change,UP,0.87,58,0.87,0.88
2026-01-14 09:08:48,371,"Bitcoin Up or Down - January 13, 8:00PM-8:15PM ET",price_change,DOWN,0.08,273.2,0.12,0.13
2026-01-14 09:08:49,370,"Bitcoin Up or Down - January 13, 8:00PM-8:15PM ET",price_change,UP,0.86,7.91,0.86,0.87
2026-01-14 09:08:49,370,"Bitcoin Up or Down - January 13, 8:00PM-8:15PM ET",price_change,DOWN,0.12,406.3,0.13,0.14
2026-01-14 09:08:50,369,"Bitcoin Up or Down - January 13, 8:00PM-8:15PM ET",price_change,DOWN,0.14,19.97,0.14,0.15
2026-01-14 09:08:50,369,"Bitcoin Up or Down - January 13, 8:00PM-8:15PM ET",price_change,UP,0.82,1353.58,0.85,0.86
2026-01-14 09:08:51,368,"Bitcoin Up or Down - January 13, 8:00PM-8:15PM ET",price_change,UP,0.83,234.65,0.86,0.87
2026-01-14 09:08:51,368,"Bitcoin Up or Down - January 13, 8:00PM-8:15PM ET",price_change,DOWN,0.13,75,0.13,0.14
2026-01-14 09:08:52,367,"Bitcoin Up or Down - January 13, 8:00PM-8:15PM ET",price_change,UP,0.84,129.4,0.86,0.87
2026-01-14 09:08:52,367,"Bitcoin Up or Down - January 13, 8:00PM-8:15PM ET",price_change,DOWN,0.11,283.19,0.13,0.14
2026-01-14 09:08:53,366,"Bitcoin Up or Down - January 13, 8:00PM-8:15PM ET",price_change,DOWN,0.04,209.65,0.13,0.14
2026-01-14 09:08:53,366,"Bitcoin Up or Down - January 13, 8:00PM-8:15PM ET",price_change,UP,0.8,890.8,0.86,0.87
2026-01-14 09:08:54,365,"Bitcoin Up or Down - January 13, 8:00PM-8:15PM ET",price_change,DOWN,0.05,277.78,0.13,0.14
2026-01-14 09:08:54,365,"Bitcoin Up or Down - January 13, 8:00PM-8:15PM ET",price_change,UP,0.64,25.6,0.86,0.87
2026-01-14 09:08:55,364,"Bitcoin Up or Down - January 13, 8:00PM-8:15PM ET",price_change,DOWN,0.11,290.19,0.14,0.15
2026-01-14 09:08:55,364,"Bitcoin Up or Down - January 13, 8:00PM-8:15PM ET",price_change,UP,0.64,35.6,0.85,0.86
2026-01-14 09:08:56,363,"Bitcoin Up or Down - January 13, 8:00PM-8:15PM ET",price_change,DOWN,0.12,398.73,0.14,0.15
2026-01-14 09:08:56,363,"Bitcoin Up or Down - January 13, 8:00PM-8:15PM ET",price_change,UP,0.85,152.88,0.85,0.86
2026-01-14 09:08:57,362,"Bitcoin Up or Down - January 13, 8:00PM-8:15PM ET",price_change,DOWN,0.11,367.3,0.14,0.15
2026-01-14 09:08:57,362,"Bitcoin Up or Down - January 13, 8:00PM-8:15PM ET",price_change,UP,0.85,73.32,0.85,0.86
2026-01-14 09:08:58,361,"Bitcoin Up or Down - January 13, 8:00PM-8:15PM ET",price_change,UP,0.84,446.34,0.85,0.86
2026-01-14 09:08:58,361,"Bitcoin Up or Down - January 13, 8:00PM-8:15PM ET",price_change,DOWN,0.1,4993.62,0.14,0.15
2026-01-14 09:08:59,360,"Bitcoin Up or Down - January 13, 8:00PM-8:15PM ET",price_change,UP,0.64,25.6,0.85,0.86
2026-01-14 09:08:59,360,"Bitcoin Up or Down - January 13, 8:00PM-8:15PM ET",price_change,DOWN,0.05,277.78,0.14,0.15
2026-01-14 09:09:00,359,"Bitcoin Up or Down - January 13, 8:00PM-8:15PM ET",price_change,DOWN,0.07,144.29,0.19,0.2
2026-01-14 09:09:00,359,"Bitcoin Up or Down - January 13, 8:00PM-8:15PM ET",price_change,UP,0.8,706.89,0.8,0.81
2026-01-14 09:09:01,358,"Bitcoin Up or Down - January 13, 8:00PM-8:15PM ET",price_change,UP,0.79,1017.73,0.82,0.83
2026-01-14 09:09:01,358,"Bitcoin Up or Down - January 13, 8:00PM-8:15PM ET",price_change,DOWN,0.1,4961.62,0.17,0.18
2026-01-14 09:09:02,357,"Bitcoin Up or Down - January 13, 8:00PM-8:15PM ET",price_change,UP,0.83,19,0.83,0.84
2026-01-14 09:09:02,357,"Bitcoin Up or Down - January 13, 8:00PM-8:15PM ET",price_change,DOWN,0.15,201.08,0.16,0.17
2026-01-14 09:09:03,356,"Bitcoin Up or Down - January 13, 8:00PM-8:15PM ET",price_change,UP,0.82,117.21,0.83,0.84
2026-01-14 09:09:03,356,"Bitcoin Up or Down - January 13, 8:00PM-8:15PM ET",price_change,DOWN,0.14,309.8,0.16,0.17
2026-01-14 09:09:04,355,"Bitcoin Up or Down - January 13, 8:00PM-8:15PM ET",price_change,UP,0.65,35.7,0.83,0.84
2026-01-14 09:09:04,355,"Bitcoin Up or Down - January 13, 8:00PM-8:15PM ET",price_change,DOWN,0.04,264.65,0.16,0.17
2026-01-14 09:09:05,354,"Bitcoin Up or Down - January 13, 8:00PM-8:15PM ET",price_change,UP,0.79,1009.73,0.83,0.84
2026-01-14 09:09:05,354,"Bitcoin Up or Down - January 13, 8:00PM-8:15PM ET",price_change,DOWN,0.13,439.5,0.16,0.17
2026-01-14 09:09:06,353,"Bitcoin Up or Down - January 13, 8:00PM-8:15PM ET",price_change,UP,0.84,132.31,0.84,0.85
2026-01-14 09:09:06,353,"Bitcoin Up or Down - January 13, 8:00PM-8:15PM ET",price_change,DOWN,0.07,159.29,0.15,0.16
2026-01-14 09:09:07,352,"Bitcoin Up or Down - January 13, 8:00PM-8:15PM ET",price_change,DOWN,0.15,33.35,0.15,0.16
2026-01-14 09:09:07,352,"Bitcoin Up or Down - January 13, 8:00PM-8:15PM ET",price_change,UP,0.83,639.89,0.84,0.85
2026-01-14 09:09:08,351,"Bitcoin Up or Down - January 13, 8:00PM-8:15PM ET",price_change,UP,0.82,450.44,0.85,0.86
2026-01-14 09:09:08,351,"Bitcoin Up or Down - January 13, 8:00PM-8:15PM ET",price_change,DOWN,0.11,281.3,0.14,0.15
2026-01-14 09:09:09,350,"Bitcoin Up or Down - January 13, 8:00PM-8:15PM ET",price_change,DOWN,0.14,7.89,0.14,0.15
2026-01-14 09:09:09,350,"Bitcoin Up or Down - January 13, 8:00PM-8:15PM ET",price_change,UP,0.83,591.09,0.85,0.86
2026-01-14 09:09:10,349,"Bitcoin Up or Down - January 13, 8:00PM-8:15PM ET",price_change,DOWN,0.05,379.78,0.13,0.14
2026-01-14 09:09:10,349,"Bitcoin Up or Down - January 13, 8:00PM-8:15PM ET",price_change,UP,0.83,597.09,0.86,0.87
2026-01-14 09:09:11,348,"Bitcoin Up or Down - January 13, 8:00PM-8:15PM ET",price_change,UP,0.83,597.09,0.86,0.87
2026-01-14 09:09:11,348,"Bitcoin Up or Down - January 13, 8:00PM-8:15PM ET",price_change,DOWN,0.05,400.78,0.13,0.14
2026-01-14 09:09:12,347,"Bitcoin Up or Down - January 13, 8:00PM-8:15PM ET",price_change,UP,0.76,35,0.86,0.87
2026-01-14 09:09:12,347,"Bitcoin Up or Down - January 13, 8:00PM-8:15PM ET",price_change,DOWN,0.08,253.2,0.13,0.14
2026-01-14 09:09:13,346,"Bitcoin Up or Down - January 13, 8:00PM-8:15PM ET",price_change,UP,0.81,524.26,0.84,0.85
2026-01-14 09:09:13,346,"Bitcoin Up or Down - January 13, 8:00PM-8:15PM ET",price_change,DOWN,0.15,73,0.15,0.16
2026-01-14 09:09:14,345,"Bitcoin Up or Down - January 13, 8:00PM-8:15PM ET",price_change,DOWN,0.04,264.65,0.16,0.17
2026-01-14 09:09:14,345,"Bitcoin Up or Down - January 13, 8:00PM-8:15PM ET",price_change,UP,0.65,35.7,0.83,0.84
2026-01-14 09:09:15,344,"Bitcoin Up or Down - January 13, 8:00PM-8:15PM ET",price_change,DOWN,0.16,36.3,0.16,0.17
2026-01-14 09:09:15,344,"Bitcoin Up or Down - January 13, 8:00PM-8:15PM ET",price_change,UP,0.82,969.5,0.83,0.84
2026-01-14 09:09:16,343,"Bitcoin Up or Down - January 13, 8:00PM-8:15PM ET",price_change,DOWN,0.13,108.95,0.16,0.17
2026-01-14 09:09:16,343,"Bitcoin Up or Down - January 13, 8:00PM-8:15PM ET",price_change,UP,0.79,30,0.83,0.84
2026-01-14 09:09:17,342,"Bitcoin Up or Down - January 13, 8:00PM-8:15PM ET",price_change,DOWN,0.13,38.5,0.16,0.17
2026-01-14 09:09:17,342,"Bitcoin Up or Down - January 13, 8:00PM-8:15PM ET",price_change,UP,0.79,50,0.83,0.84
2026-01-14 09:09:18,341,"Bitcoin Up or Down - January 13, 8:00PM-8:15PM ET",price_change,DOWN,0.13,41.5,0.15,0.16
2026-01-14 09:09:18,341,"Bitcoin Up or Down - January 13, 8:00PM-8:15PM ET",price_change,UP,0.66,25.8,0.84,0.85
2026-01-14 09:09:19,340,"Bitcoin Up or Down - January 13, 8:00PM-8:15PM ET",price_change,UP,0.65,25.7,0.84,0.85
2026-01-14 09:09:19,340,"Bitcoin Up or Down - January 13, 8:00PM-8:15PM ET",price_change,DOWN,0.11,427.3,0.15,0.16
2026-01-14 09:09:20,339,"Bitcoin Up or Down - January 13, 8:00PM-8:15PM ET",price_change,DOWN,0.07,149.29,0.15,0.16
2026-01-14 09:09:20,339,"Bitcoin Up or Down - January 13, 8:00PM-8:15PM ET",price_change,UP,0.83,502.5,0.84,0.85
2026-01-14 09:09:21,338,"Bitcoin Up or Down - January 13, 8:00PM-8:15PM ET",price_change,UP,0.85,54.34,0.85,0.86
2026-01-14 09:09:21,338,"Bitcoin Up or Down - January 13, 8:00PM-8:15PM ET",price_change,DOWN,0.07,149.29,0.14,0.15
2026-01-14 09:09:22,337,"Bitcoin Up or Down - January 13, 8:00PM-8:15PM ET",price_change,UP,0.82,924.5,0.85,0.86
2026-01-14 09:09:22,337,"Bitcoin Up or Down - January 13, 8:00PM-8:15PM ET",price_change,DOWN,0.07,149.29,0.14,0.15
2026-01-14 09:09:23,336,"Bitcoin Up or Down - January 13, 8:00PM-8:15PM ET",price_change,UP,0.82,929.5,0.85,0.86
2026-01-14 09:09:23,336,"Bitcoin Up or Down - January 13, 8:00PM-8:15PM ET",price_change,DOWN,0.09,36.81,0.14,0.15
2026-01-14 09:09:24,335,"Bitcoin Up or Down - January 13, 8:00PM-8:15PM ET",price_change,UP,0.64,20.6,0.85,0.86
2026-01-14 09:09:24,335,"Bitcoin Up or Down - January 13, 8:00PM-8:15PM ET",price_change,DOWN,0.03,406.36,0.14,0.15
2026-01-14 09:09:25,334,"Bitcoin Up or Down - January 13, 8:00PM-8:15PM ET",price_change,UP,0.82,1069.44,0.85,0.86
2026-01-14 09:09:25,334,"Bitcoin Up or Down - January 13, 8:00PM-8:15PM ET",price_change,DOWN,0.04,514.65,0.14,0.15
2026-01-14 09:09:26,333,"Bitcoin Up or Down - January 13, 8:00PM-8:15PM ET",price_change,UP,0.83,305.7,0.86,0.87
2026-01-14 09:09:27,333,"Bitcoin Up or Down - January 13, 8:00PM-8:15PM ET",price_change,DOWN,0.07,154.29,0.13,0.14
2026-01-14 09:09:27,332,"Bitcoin Up or Down - January 13, 8:00PM-8:15PM ET",price_change,UP,0.76,73,0.86,0.87
2026-01-14 09:09:28,332,"Bitcoin Up or Down - January 13, 8:00PM-8:15PM ET",price_change,DOWN,0.11,177.3,0.13,0.14
2026-01-14 09:09:28,331,"Bitcoin Up or Down - January 13, 8:00PM-8:15PM ET",price_change,UP,0.83,280.7,0.86,0.87
2026-01-14 09:09:29,331,"Bitcoin Up or Down - January 13, 8:00PM-8:15PM ET",price_change,DOWN,0.13,822.2,0.13,0.14
2026-01-14 09:09:29,330,"Bitcoin Up or Down - January 13, 8:00PM-8:15PM ET",price_change,UP,0.84,158.35,0.86,0.87
2026-01-14 09:09:29,330,"Bitcoin Up or Down - January 13, 8:00PM-8:15PM ET",price_change,DOWN,0.04,489.65,0.13,0.14
2026-01-14 09:09:30,329,"Bitcoin Up or Down - January 13, 8:00PM-8:15PM ET",price_change,UP,0.85,226,0.86,0.87
2026-01-14 09:09:30,329,"Bitcoin Up or Down - January 13, 8:00PM-8:15PM ET",price_change,DOWN,0.11,160.3,0.13,0.14
2026-01-14 09:09:31,328,"Bitcoin Up or Down - January 13, 8:00PM-8:15PM ET",price_change,UP,0.84,396.94,0.87,0.88
2026-01-14 09:09:31,328,"Bitcoin Up or Down - January 13, 8:00PM-8:15PM ET",price_change,DOWN,0.02,3032.25,0.12,0.13
2026-01-14 09:09:32,327,"Bitcoin Up or Down - January 13, 8:00PM-8:15PM ET",price_change,UP,0.85,100.95,0.87,0.88
2026-01-14 09:09:32,327,"Bitcoin Up or Down - January 13, 8:00PM-8:15PM ET",price_change,DOWN,0.12,135.5,0.12,0.13
2026-01-14 09:09:33,326,"Bitcoin Up or Down - January 13, 8:00PM-8:15PM ET",price_change,UP,0.84,396.94,0.87,0.88
2026-01-14 09:09:34,326,"Bitcoin Up or Down - January 13, 8:00PM-8:15PM ET",price_change,DOWN,0.12,125.5,0.12,0.13
2026-01-14 09:09:34,325,"Bitcoin Up or Down - January 13, 8:00PM-8:15PM ET",price_change,UP,0.65,25.7,0.87,0.88
2026-01-14 09:09:34,325,"Bitcoin Up or Down - January 13, 8:00PM-8:15PM ET",price_change,DOWN,0.04,515.65,0.12,0.13
2026-01-14 09:09:35,324,"Bitcoin Up or Down - January 13, 8:00PM-8:15PM ET",price_change,UP,0.87,49.62,0.87,0.88
2026-01-14 09:09:35,324,"Bitcoin Up or Down - January 13, 8:00PM-8:15PM ET",price_change,DOWN,0.04,540.65,0.12,0.13
2026-01-14 09:09:36,323,"Bitcoin Up or Down - January 13, 8:00PM-8:15PM ET",price_change,UP,0.84,376.94,0.87,0.88
2026-01-14 09:09:36,323,"Bitcoin Up or Down - January 13, 8:00PM-8:15PM ET",price_change,DOWN,0.1,5124.27,0.12,0.13
2026-01-14 09:09:37,322,"Bitcoin Up or Down - January 13, 8:00PM-8:15PM ET",price_change,UP,0.84,376.94,0.87,0.88
2026-01-14 09:09:38,322,"Bitcoin Up or Down - January 13, 8:00PM-8:15PM ET",price_change,DOWN,0.04,540.65,0.12,0.13
2026-01-14 09:09:38,321,"Bitcoin Up or Down - January 13, 8:00PM-8:15PM ET",price_change,UP,0.84,396.94,0.87,0.88
2026-01-14 09:09:38,321,"Bitcoin Up or Down - January 13, 8:00PM-8:15PM ET",price_change,DOWN,0.11,1270.85,0.12,0.13
2026-01-14 09:09:39,320,"Bitcoin Up or Down - January 13, 8:00PM-8:15PM ET",price_change,DOWN,0.06,776.17,0.12,0.13
2026-01-14 09:09:39,320,"Bitcoin Up or Down - January 13, 8:00PM-8:15PM ET",price_change,UP,0.85,174.12,0.87,0.88
2026-01-14 09:09:40,319,"Bitcoin Up or Down - January 13, 8:00PM-8:15PM ET",price_change,DOWN,0.12,66.8,0.12,0.13
2026-01-14 09:09:40,319,"Bitcoin Up or Down - January 13, 8:00PM-8:15PM ET",price_change,UP,0.82,283.5,0.87,0.88
2026-01-14 09:09:41,318,"Bitcoin Up or Down - January 13, 8:00PM-8:15PM ET",price_change,DOWN,0.13,891.33,0.13,0.14
2026-01-14 09:09:41,318,"Bitcoin Up or Down - January 13, 8:00PM-8:15PM ET",price_change,UP,0.85,26.17,0.86,0.87
2026-01-14 09:09:42,317,"Bitcoin Up or Down - January 13, 8:00PM-8:15PM ET",price_change,UP,0.82,378.45,0.85,0.86
2026-01-14 09:09:42,317,"Bitcoin Up or Down - January 13, 8:00PM-8:15PM ET",price_change,DOWN,0.12,1131.3,0.14,0.15
2026-01-14 09:09:43,316,"Bitcoin Up or Down - January 13, 8:00PM-8:15PM ET",price_change,UP,0.79,115,0.85,0.86
2026-01-14 09:09:44,316,"Bitcoin Up or Down - January 13, 8:00PM-8:15PM ET",price_change,DOWN,0.08,373.2,0.14,0.15
2026-01-14 09:09:44,315,"Bitcoin Up or Down - January 13, 8:00PM-8:15PM ET",price_change,DOWN,0.04,489.65,0.14,0.15
2026-01-14 09:09:44,315,"Bitcoin Up or Down - January 13, 8:00PM-8:15PM ET",price_change,UP,0.65,25.7,0.85,0.86
2026-01-14 09:09:45,314,"Bitcoin Up or Down - January 13, 8:00PM-8:15PM ET",price_change,DOWN,0.14,197.09,0.14,0.15
2026-01-14 09:09:45,314,"Bitcoin Up or Down - January 13, 8:00PM-8:15PM ET",price_change,UP,0.82,258.09,0.85,0.86
2026-01-14 09:09:46,313,"Bitcoin Up or Down - January 13, 8:00PM-8:15PM ET",price_change,UP,0.76,123,0.85,0.86
2026-01-14 09:09:46,313,"Bitcoin Up or Down - January 13, 8:00PM-8:15PM ET",price_change,DOWN,0.09,74.61,0.14,0.15
2026-01-14 09:09:47,312,"Bitcoin Up or Down - January 13, 8:00PM-8:15PM ET",price_change,DOWN,0.09,69.61,0.16,0.17
2026-01-14 09:09:47,312,"Bitcoin Up or Down - January 13, 8:00PM-8:15PM ET",price_change,UP,0.83,25.41,0.83,0.84
2026-01-14 09:09:48,311,"Bitcoin Up or Down - January 13, 8:00PM-8:15PM ET",price_change,DOWN,0.16,374.55,0.17,0.18
2026-01-14 09:09:48,311,"Bitcoin Up or Down - January 13, 8:00PM-8:15PM ET",price_change,UP,0.81,172.95,0.82,0.83
2026-01-14 09:09:49,310,"Bitcoin Up or Down - January 13, 8:00PM-8:15PM ET",price_change,UP,0.59,32.74,0.82,0.83
2026-01-14 09:09:49,310,"Bitcoin Up or Down - January 13, 8:00PM-8:15PM ET",price_change,DOWN,0.17,118.55,0.17,0.18
2026-01-14 09:09:50,309,"Bitcoin Up or Down - January 13, 8:00PM-8:15PM ET",price_change,UP,0.72,10,0.82,0.83
2026-01-14 09:09:50,309,"Bitcoin Up or Down - January 13, 8:00PM-8:15PM ET",price_change,DOWN,0.14,203.8,0.17,0.18
2026-01-14 09:09:51,308,"Bitcoin Up or Down - January 13, 8:00PM-8:15PM ET",price_change,DOWN,0.16,1101.8,0.17,0.18
2026-01-14 09:09:51,308,"Bitcoin Up or Down - January 13, 8:00PM-8:15PM ET",price_change,UP,0.77,35,0.82,0.83
2026-01-14 09:09:52,307,"Bitcoin Up or Down - January 13, 8:00PM-8:15PM ET",price_change,UP,0.81,206.63,0.83,0.84
2026-01-14 09:09:52,307,"Bitcoin Up or Down - January 13, 8:00PM-8:15PM ET",price_change,DOWN,0.16,1098.31,0.16,0.17
2026-01-14 09:09:53,306,"Bitcoin Up or Down - January 13, 8:00PM-8:15PM ET",price_change,DOWN,0.1,4971.62,0.16,0.17
2026-01-14 09:09:53,306,"Bitcoin Up or Down - January 13, 8:00PM-8:15PM ET",price_change,UP,0.69,10,0.83,0.84
2026-01-14 09:09:54,305,"Bitcoin Up or Down - January 13, 8:00PM-8:15PM ET",price_change,DOWN,0.09,48.81,0.16,0.17
2026-01-14 09:09:54,305,"Bitcoin Up or Down - January 13, 8:00PM-8:15PM ET",price_change,UP,0.78,1019,0.83,0.84
2026-01-14 09:09:55,304,"Bitcoin Up or Down - January 13, 8:00PM-8:15PM ET",price_change,UP,0.78,948,0.83,0.84
2026-01-14 09:09:55,304,"Bitcoin Up or Down - January 13, 8:00PM-8:15PM ET",price_change,DOWN,0.14,216.8,0.16,0.17
2026-01-14 09:09:56,303,"Bitcoin Up or Down - January 13, 8:00PM-8:15PM ET",price_change,DOWN,0.14,326.56,0.16,0.17
2026-01-14 09:09:57,303,"Bitcoin Up or Down - January 13, 8:00PM-8:15PM ET",price_change,UP,0.65,40.7,0.83,0.84
2026-01-14 09:09:57,302,"Bitcoin Up or Down - January 13, 8:00PM-8:15PM ET",price_change,DOWN,0.15,217.95,0.16,0.17
2026-01-14 09:09:57,302,"Bitcoin Up or Down - January 13, 8:00PM-8:15PM ET",price_change,UP,0.81,107.95,0.83,0.84
2026-01-14 09:09:58,301,"Bitcoin Up or Down - January 13, 8:00PM-8:15PM ET",price_change,UP,0.83,456.43,0.83,0.84
2026-01-14 09:09:58,301,"Bitcoin Up or Down - January 13, 8:00PM-8:15PM ET",price_change,DOWN,0.09,48.81,0.16,0.17
2026-01-14 09:09:59,300,"Bitcoin Up or Down - January 13, 8:00PM-8:15PM ET",price_change,DOWN,0.14,430.56,0.16,0.17
2026-01-14 09:09:59,300,"Bitcoin Up or Down - January 13, 8:00PM-8:15PM ET",price_change,UP,0.81,171.24,0.83,0.84
2026-01-14 09:10:00,299,"Bitcoin Up or Down - January 13, 8:00PM-8:15PM ET",price_change,UP,0.68,16,0.86,0.87
2026-01-14 09:10:00,299,"Bitcoin Up or Down - January 13, 8:00PM-8:15PM ET",price_change,DOWN,0.09,90.81,0.13,0.14
2026-01-14 09:10:01,298,"Bitcoin Up or Down - January 13, 8:00PM-8:15PM ET",price_change,UP,0.86,6.8,0.86,0.87
2026-01-14 09:10:01,298,"Bitcoin Up or Down - January 13, 8:00PM-8:15PM ET",price_change,DOWN,0.13,548.02,0.13,0.14
2026-01-14 09:10:02,297,"Bitcoin Up or Down - January 13, 8:00PM-8:15PM ET",price_change,DOWN,0.14,987.17,0.14,0.15
2026-01-14 09:10:02,297,"Bitcoin Up or Down - January 13, 8:00PM-8:15PM ET",price_change,UP,0.71,16.3,0.85,0.86
2026-01-14 09:10:03,296,"Bitcoin Up or Down - January 13, 8:00PM-8:15PM ET",price_change,DOWN,0.11,264.38,0.14,0.15
2026-01-14 09:10:03,296,"Bitcoin Up or Down - January 13, 8:00PM-8:15PM ET",price_change,UP,0.85,200.28,0.85,0.86
2026-01-14 09:10:04,295,"Bitcoin Up or Down - January 13, 8:00PM-8:15PM ET",price_change,DOWN,0.07,159.29,0.13,0.15
2026-01-14 09:10:04,295,"Bitcoin Up or Down - January 13, 8:00PM-8:15PM ET",price_change,UP,0.83,1036.94,0.85,0.86
2026-01-14 09:10:05,294,"Bitcoin Up or Down - January 13, 8:00PM-8:15PM ET",price_change,UP,0.85,486.97,0.85,0.86
2026-01-14 09:10:05,294,"Bitcoin Up or Down - January 13, 8:00PM-8:15PM ET",price_change,DOWN,0.11,123.38,0.14,0.15
2026-01-14 09:10:06,293,"Bitcoin Up or Down - January 13, 8:00PM-8:15PM ET",price_change,UP,0.86,64,0.86,0.87
2026-01-14 09:10:06,293,"Bitcoin Up or Down - January 13, 8:00PM-8:15PM ET",price_change,DOWN,0.11,143.38,0.13,0.14
2026-01-14 09:10:07,292,"Bitcoin Up or Down - January 13, 8:00PM-8:15PM ET",price_change,DOWN,0.1,5106.62,0.13,0.14
2026-01-14 09:10:07,292,"Bitcoin Up or Down - January 13, 8:00PM-8:15PM ET",price_change,UP,0.86,0,0.85,0.86
2026-01-14 09:10:08,291,"Bitcoin Up or Down - January 13, 8:00PM-8:15PM ET",price_change,DOWN,0.1,6098.62,0.12,0.13
2026-01-14 09:10:08,291,"Bitcoin Up or Down - January 13, 8:00PM-8:15PM ET",price_change,UP,0.87,109.82,0.87,0.88
2026-01-14 09:10:09,290,"Bitcoin Up or Down - January 13, 8:00PM-8:15PM ET",price_change,UP,0.88,143,0.89,0.9
2026-01-14 09:10:09,290,"Bitcoin Up or Down - January 13, 8:00PM-8:15PM ET",price_change,DOWN,0.07,160.29,0.1,0.11
2026-01-14 09:10:10,289,"Bitcoin Up or Down - January 13, 8:00PM-8:15PM ET",price_change,DOWN,0.07,222.29,0.1,0.11
2026-01-14 09:10:10,289,"Bitcoin Up or Down - January 13, 8:00PM-8:15PM ET",price_change,UP,0.72,21.4,0.89,0.9
2026-01-14 09:10:11,288,"Bitcoin Up or Down - January 13, 8:00PM-8:15PM ET",price_change,UP,0.89,70.97,0.89,0.9
2026-01-14 09:10:12,288,"Bitcoin Up or Down - January 13, 8:00PM-8:15PM ET",price_change,DOWN,0.06,729.17,0.1,0.11
2026-01-14 09:10:12,287,"Bitcoin Up or Down - January 13, 8:00PM-8:15PM ET",price_change,UP,0.86,1055,0.89,0.9
2026-01-14 09:10:12,287,"Bitcoin Up or Down - January 13, 8:00PM-8:15PM ET",price_change,DOWN,0.1,4762,0.1,0.11
2026-01-14 09:10:13,286,"Bitcoin Up or Down - January 13, 8:00PM-8:15PM ET",price_change,DOWN,0.07,286.37,0.1,0.11
2026-01-14 09:10:13,286,"Bitcoin Up or Down - January 13, 8:00PM-8:15PM ET",price_change,UP,0.83,120,0.89,0.9
2026-01-14 09:10:14,285,"Bitcoin Up or Down - January 13, 8:00PM-8:15PM ET",price_change,DOWN,0.03,518.36,0.1,0.11
2026-01-14 09:10:14,285,"Bitcoin Up or Down - January 13, 8:00PM-8:15PM ET",price_change,UP,0.66,35.8,0.89,0.9
2026-01-14 09:10:15,284,"Bitcoin Up or Down - January 13, 8:00PM-8:15PM ET",price_change,DOWN,0.03,440.36,0.1,0.11
2026-01-14 09:10:15,284,"Bitcoin Up or Down - January 13, 8:00PM-8:15PM ET",price_change,UP,0.87,842,0.89,0.9
2026-01-14 09:10:16,283,"Bitcoin Up or Down - January 13, 8:00PM-8:15PM ET",price_change,UP,0.78,30.6,0.89,0.9
2026-01-14 09:10:16,283,"Bitcoin Up or Down - January 13, 8:00PM-8:15PM ET",price_change,DOWN,0.03,440.36,0.1,0.11
2026-01-14 09:10:17,282,"Bitcoin Up or Down - January 13, 8:00PM-8:15PM ET",price_change,DOWN,0.1,3667.09,0.1,0.11
2026-01-14 09:10:17,282,"Bitcoin Up or Down - January 13, 8:00PM-8:15PM ET",price_change,UP,0.73,26.6,0.89,0.9
2026-01-14 09:10:18,281,"Bitcoin Up or Down - January 13, 8:00PM-8:15PM ET",price_change,UP,0.89,2630.14,0.89,0.9
2026-01-14 09:10:18,281,"Bitcoin Up or Down - January 13, 8:00PM-8:15PM ET",price_change,DOWN,0.08,293.5,0.1,0.11
2026-01-14 09:10:19,280,"Bitcoin Up or Down - January 13, 8:00PM-8:15PM ET",price_change,DOWN,0.01,5900.51,0.1,0.11
2026-01-14 09:10:19,280,"Bitcoin Up or Down - January 13, 8:00PM-8:15PM ET",price_change,UP,0.68,36,0.89,0.9
2026-01-14 09:10:20,279,"Bitcoin Up or Down - January 13, 8:00PM-8:15PM ET",price_change,DOWN,0.07,387.29,0.1,0.11
2026-01-14 09:10:20,279,"Bitcoin Up or Down - January 13, 8:00PM-8:15PM ET",price_change,UP,0.84,131.04,0.89,0.9
2026-01-14 09:10:21,278,"Bitcoin Up or Down - January 13, 8:00PM-8:15PM ET",price_change,DOWN,0.1,790.01,0.1,0.11
2026-01-14 09:10:21,278,"Bitcoin Up or Down - January 13, 8:00PM-8:15PM ET",price_change,UP,0.89,3201.63,0.89,0.9
2026-01-14 09:10:22,277,"Bitcoin Up or Down - January 13, 8:00PM-8:15PM ET",price_change,UP,0.9,1176.14,0.92,0.93
2026-01-14 09:10:22,277,"Bitcoin Up or Down - January 13, 8:00PM-8:15PM ET",price_change,DOWN,0.07,110.36,0.07,0.08
2026-01-14 09:10:23,276,"Bitcoin Up or Down - January 13, 8:00PM-8:15PM ET",price_change,UP,0.92,1334.62,0.93,0.94
2026-01-14 09:10:23,276,"Bitcoin Up or Down - January 13, 8:00PM-8:15PM ET",price_change,DOWN,0.06,656.49,0.06,0.07
2026-01-14 09:10:24,275,"Bitcoin Up or Down - January 13, 8:00PM-8:15PM ET",price_change,UP,0.91,762.61,0.92,0.94
2026-01-14 09:10:24,275,"Bitcoin Up or Down - January 13, 8:00PM-8:15PM ET",price_change,DOWN,0.01,6005.51,0.06,0.08
2026-01-14 09:10:25,274,"Bitcoin Up or Down - January 13, 8:00PM-8:15PM ET",price_change,UP,0.93,72.46,0.93,0.94
2026-01-14 09:10:25,274,"Bitcoin Up or Down - January 13, 8:00PM-8:15PM ET",price_change,DOWN,0.05,507.38,0.06,0.07
2026-01-14 09:10:26,273,"Bitcoin Up or Down - January 13, 8:00PM-8:15PM ET",price_change,UP,0.79,27.8,0.93,0.94
2026-01-14 09:10:26,273,"Bitcoin Up or Down - January 13, 8:00PM-8:15PM ET",price_change,DOWN,0.06,281.63,0.06,0.07
2026-01-14 09:10:27,272,"Bitcoin Up or Down - January 13, 8:00PM-8:15PM ET",price_change,UP,0.77,17.3,0.92,0.93
2026-01-14 09:10:27,272,"Bitcoin Up or Down - January 13, 8:00PM-8:15PM ET",price_change,DOWN,0.04,844.73,0.07,0.08
2026-01-14 09:10:28,271,"Bitcoin Up or Down - January 13, 8:00PM-8:15PM ET",price_change,DOWN,0.05,1174.11,0.05,0.06
2026-01-14 09:10:28,271,"Bitcoin Up or Down - January 13, 8:00PM-8:15PM ET",price_change,UP,0.88,125.65,0.94,0.95
2026-01-14 09:10:29,270,"Bitcoin Up or Down - January 13, 8:00PM-8:15PM ET",price_change,UP,0.91,814.61,0.94,0.95
2026-01-14 09:10:29,270,"Bitcoin Up or Down - January 13, 8:00PM-8:15PM ET",price_change,DOWN,0.01,5910.51,0.05,0.06
2026-01-14 09:10:30,269,"Bitcoin Up or Down - January 13, 8:00PM-8:15PM ET",price_change,UP,0.91,746.61,0.94,0.95
2026-01-14 09:10:30,269,"Bitcoin Up or Down - January 13, 8:00PM-8:15PM ET",price_change,DOWN,0.05,736.24,0.05,0.06
2026-01-14 09:10:31,268,"Bitcoin Up or Down - January 13, 8:00PM-8:15PM ET",price_change,DOWN,0.02,101271.95,0.05,0.06
2026-01-14 09:10:31,268,"Bitcoin Up or Down - January 13, 8:00PM-8:15PM ET",price_change,UP,0.94,435.37,0.94,0.95
2026-01-14 09:10:32,267,"Bitcoin Up or Down - January 13, 8:00PM-8:15PM ET",price_change,DOWN,0.05,202.21,0.05,0.06
2026-01-14 09:10:32,267,"Bitcoin Up or Down - January 13, 8:00PM-8:15PM ET",price_change,UP,0.9,1131.17,0.94,0.95
2026-01-14 09:10:33,266,"Bitcoin Up or Down - January 13, 8:00PM-8:15PM ET",price_change,DOWN,0.05,20.27,0.05,0.06
2026-01-14 09:10:33,266,"Bitcoin Up or Down - January 13, 8:00PM-8:15PM ET",price_change,UP,0.92,1121.36,0.94,0.95
2026-01-14 09:10:34,265,"Bitcoin Up or Down - January 13, 8:00PM-8:15PM ET",price_change,UP,0.68,26,0.94,0.95
2026-01-14 09:10:34,265,"Bitcoin Up or Down - January 13, 8:00PM-8:15PM ET",price_change,DOWN,0.01,5952.51,0.05,0.06
2026-01-14 09:10:35,264,"Bitcoin Up or Down - January 13, 8:00PM-8:15PM ET",price_change,DOWN,0.04,925.69,0.04,0.06
2026-01-14 09:10:35,264,"Bitcoin Up or Down - January 13, 8:00PM-8:15PM ET",price_change,UP,0.78,30.6,0.94,0.96
2026-01-14 09:10:36,263,"Bitcoin Up or Down - January 13, 8:00PM-8:15PM ET",price_change,UP,0.9,1171.41,0.94,0.95
2026-01-14 09:10:36,263,"Bitcoin Up or Down - January 13, 8:00PM-8:15PM ET",price_change,DOWN,0.04,1133.03,0.05,0.06
2026-01-14 09:10:37,262,"Bitcoin Up or Down - January 13, 8:00PM-8:15PM ET",price_change,DOWN,0.04,1158.03,0.04,0.06
2026-01-14 09:10:37,262,"Bitcoin Up or Down - January 13, 8:00PM-8:15PM ET",price_change,UP,0.92,1228.35,0.94,0.96
2026-01-14 09:10:38,261,"Bitcoin Up or Down - January 13, 8:00PM-8:15PM ET",price_change,UP,0.9,1115.41,0.94,0.95
2026-01-14 09:10:38,261,"Bitcoin Up or Down - January 13, 8:00PM-8:15PM ET",price_change,DOWN,0.04,1477.74,0.05,0.06
2026-01-14 09:10:39,260,"Bitcoin Up or Down - January 13, 8:00PM-8:15PM ET",price_change,UP,0.92,1831.35,0.94,0.95
2026-01-14 09:10:40,260,"Bitcoin Up or Down - January 13, 8:00PM-8:15PM ET",price_change,DOWN,0.03,606.67,0.05,0.06
2026-01-14 09:10:40,259,"Bitcoin Up or Down - January 13, 8:00PM-8:15PM ET",price_change,DOWN,0.05,26.66,0.05,0.06
2026-01-14 09:10:40,259,"Bitcoin Up or Down - January 13, 8:00PM-8:15PM ET",price_change,UP,0.93,148.66,0.94,0.95
2026-01-14 09:10:41,258,"Bitcoin Up or Down - January 13, 8:00PM-8:15PM ET",price_change,UP,0.92,1868.35,0.94,0.96
2026-01-14 09:10:41,258,"Bitcoin Up or Down - January 13, 8:00PM-8:15PM ET",price_change,DOWN,0.05,5,0.05,0.06
2026-01-14 09:10:42,257,"Bitcoin Up or Down - January 13, 8:00PM-8:15PM ET",price_change,UP,0.92,1779.35,0.95,0.96
2026-01-14 09:10:43,257,"Bitcoin Up or Down - January 13, 8:00PM-8:15PM ET",price_change,DOWN,0.02,101330.83,0.04,0.05
2026-01-14 09:10:43,256,"Bitcoin Up or Down - January 13, 8:00PM-8:15PM ET",price_change,UP,0.95,191.29,0.95,0.96
2026-01-14 09:10:44,256,"Bitcoin Up or Down - January 13, 8:00PM-8:15PM ET",price_change,DOWN,0.04,1323.76,0.04,0.05
2026-01-14 09:10:44,255,"Bitcoin Up or Down - January 13, 8:00PM-8:15PM ET",price_change,UP,0.92,1925.35,0.95,0.96
2026-01-14 09:10:44,255,"Bitcoin Up or Down - January 13, 8:00PM-8:15PM ET",price_change,DOWN,0.04,1101.82,0.04,0.05
2026-01-14 09:10:45,254,"Bitcoin Up or Down - January 13, 8:00PM-8:15PM ET",price_change,DOWN,0.04,1131.82,0.04,0.05
2026-01-14 09:10:45,254,"Bitcoin Up or Down - January 13, 8:00PM-8:15PM ET",price_change,UP,0.93,125.75,0.95,0.96
2026-01-14 09:10:46,253,"Bitcoin Up or Down - January 13, 8:00PM-8:15PM ET",price_change,DOWN,0.03,30846.61,0.04,0.05
2026-01-14 09:10:47,253,"Bitcoin Up or Down - January 13, 8:00PM-8:15PM ET",price_change,UP,0.93,142.01,0.95,0.96
2026-01-14 09:10:47,252,"Bitcoin Up or Down - January 13, 8:00PM-8:15PM ET",price_change,UP,0.93,215.73,0.95,0.96
2026-01-14 09:10:47,252,"Bitcoin Up or Down - January 13, 8:00PM-8:15PM ET",price_change,DOWN,0.04,1098.62,0.04,0.05
2026-01-14 09:10:48,251,"Bitcoin Up or Down - January 13, 8:00PM-8:15PM ET",price_change,DOWN,0.04,1064.78,0.04,0.05
2026-01-14 09:10:48,251,"Bitcoin Up or Down - January 13, 8:00PM-8:15PM ET",price_change,UP,0.92,1844.13,0.95,0.96
2026-01-14 09:10:49,250,"Bitcoin Up or Down - January 13, 8:00PM-8:15PM ET",price_change,UP,0.95,573.52,0.95,0.96
2026-01-14 09:10:49,250,"Bitcoin Up or Down - January 13, 8:00PM-8:15PM ET",price_change,DOWN,0.01,6368.48,0.04,0.05
2026-01-14 09:10:50,249,"Bitcoin Up or Down - January 13, 8:00PM-8:15PM ET",price_change,DOWN,0.02,101484.83,0.04,0.05
2026-01-14 09:10:50,249,"Bitcoin Up or Down - January 13, 8:00PM-8:15PM ET",price_change,UP,0.94,646.4,0.95,0.96
2026-01-14 09:10:51,248,"Bitcoin Up or Down - January 13, 8:00PM-8:15PM ET",price_change,UP,0.94,585.14,0.95,0.96
2026-01-14 09:10:51,248,"Bitcoin Up or Down - January 13, 8:00PM-8:15PM ET",price_change,DOWN,0.02,101439.83,0.04,0.05
2026-01-14 09:10:52,247,"Bitcoin Up or Down - January 13, 8:00PM-8:15PM ET",price_change,UP,0.94,601.14,0.95,0.96
2026-01-14 09:10:52,247,"Bitcoin Up or Down - January 13, 8:00PM-8:15PM ET",price_change,DOWN,0.03,31059.75,0.04,0.05
2026-01-14 09:10:53,246,"Bitcoin Up or Down - January 13, 8:00PM-8:15PM ET",price_change,UP,0.92,1075.13,0.95,0.96
2026-01-14 09:10:53,246,"Bitcoin Up or Down - January 13, 8:00PM-8:15PM ET",price_change,DOWN,0.04,5,0.04,0.05
2026-01-14 09:10:54,245,"Bitcoin Up or Down - January 13, 8:00PM-8:15PM ET",price_change,UP,0.95,399.49,0.96,0.97
2026-01-14 09:10:54,245,"Bitcoin Up or Down - January 13, 8:00PM-8:15PM ET",price_change,DOWN,0.01,6243.48,0.03,0.04
2026-01-14 09:10:55,244,"Bitcoin Up or Down - January 13, 8:00PM-8:15PM ET",price_change,DOWN,0.02,102730.77,0.03,0.04
2026-01-14 09:10:55,244,"Bitcoin Up or Down - January 13, 8:00PM-8:15PM ET",price_change,UP,0.68,36,0.96,0.97
2026-01-14 09:10:56,243,"Bitcoin Up or Down - January 13, 8:00PM-8:15PM ET",price_change,UP,0.78,35.6,0.96,0.97
2026-01-14 09:10:56,243,"Bitcoin Up or Down - January 13, 8:00PM-8:15PM ET",price_change,DOWN,0.03,30328.37,0.03,0.04
2026-01-14 09:10:57,242,"Bitcoin Up or Down - January 13, 8:00PM-8:15PM ET",price_change,UP,0.96,272.67,0.96,0.97
2026-01-14 09:10:58,242,"Bitcoin Up or Down - January 13, 8:00PM-8:15PM ET",price_change,DOWN,0.03,30344.67,0.03,0.04
2026-01-14 09:10:58,241,"Bitcoin Up or Down - January 13, 8:00PM-8:15PM ET",price_change,UP,0.95,507.47,0.96,0.97
2026-01-14 09:10:59,241,"Bitcoin Up or Down - January 13, 8:00PM-8:15PM ET",price_change,DOWN,0.03,30269.05,0.03,0.04
2026-01-14 09:10:59,240,"Bitcoin Up or Down - January 13, 8:00PM-8:15PM ET",price_change,UP,0.68,26,0.96,0.97
2026-01-14 09:10:59,240,"Bitcoin Up or Down - January 13, 8:00PM-8:15PM ET",price_change,DOWN,0.01,6248.48,0.03,0.04
2026-01-14 09:11:00,239,"Bitcoin Up or Down - January 13, 8:00PM-8:15PM ET",price_change,UP,0.01,5252.88,0.96,0.97
2026-01-14 09:11:00,239,"Bitcoin Up or Down - January 13, 8:00PM-8:15PM ET",price_change,DOWN,0.03,29985.78,0.03,0.04
2026-01-14 09:11:01,238,"Bitcoin Up or Down - January 13, 8:00PM-8:15PM ET",price_change,UP,0.78,30.6,0.96,0.97
2026-01-14 09:11:01,238,"Bitcoin Up or Down - January 13, 8:00PM-8:15PM ET",price_change,DOWN,0.02,102229.53,0.03,0.04
2026-01-14 09:11:02,237,"Bitcoin Up or Down - January 13, 8:00PM-8:15PM ET",price_change,UP,0.96,431.6,0.96,0.97
2026-01-14 09:11:03,237,"Bitcoin Up or Down - January 13, 8:00PM-8:15PM ET",price_change,DOWN,0.03,29948.41,0.03,0.04
2026-01-14 09:11:03,236,"Bitcoin Up or Down - January 13, 8:00PM-8:15PM ET",price_change,DOWN,0.03,30002.78,0.03,0.04
2026-01-14 09:11:03,236,"Bitcoin Up or Down - January 13, 8:00PM-8:15PM ET",price_change,UP,0.96,391.6,0.96,0.97
2026-01-14 09:11:04,235,"Bitcoin Up or Down - January 13, 8:00PM-8:15PM ET",price_change,UP,0.78,30.6,0.96,0.97
2026-01-14 09:11:04,235,"Bitcoin Up or Down - January 13, 8:00PM-8:15PM ET",price_change,DOWN,0.03,29850.13,0.03,0.04
2026-01-14 09:11:05,234,"Bitcoin Up or Down - January 13, 8:00PM-8:15PM ET",price_change,UP,0.81,31.8,0.96,0.97
2026-01-14 09:11:05,234,"Bitcoin Up or Down - January 13, 8:00PM-8:15PM ET",price_change,DOWN,0.01,6147.72,0.03,0.04
2026-01-14 09:11:06,233,"Bitcoin Up or Down - January 13, 8:00PM-8:15PM ET",price_change,UP,0.96,465.6,0.96,0.97
2026-01-14 09:11:06,233,"Bitcoin Up or Down - January 13, 8:00PM-8:15PM ET",price_change,DOWN,0.03,29226.82,0.03,0.04
2026-01-14 09:11:07,232,"Bitcoin Up or Down - January 13, 8:00PM-8:15PM ET",price_change,UP,0.94,373.85,0.96,0.97
2026-01-14 09:11:07,232,"Bitcoin Up or Down - January 13, 8:00PM-8:15PM ET",price_change,DOWN,0.01,7267.73,0.03,0.04
2026-01-14 09:11:08,231,"Bitcoin Up or Down - January 13, 8:00PM-8:15PM ET",price_change,UP,0.95,1099.37,0.96,0.97
2026-01-14 09:11:08,231,"Bitcoin Up or Down - January 13, 8:00PM-8:15PM ET",price_change,DOWN,0.01,7247.73,0.03,0.04
2026-01-14 09:11:09,230,"Bitcoin Up or Down - January 13, 8:00PM-8:15PM ET",price_change,DOWN,0.03,28036.22,0.03,0.04
2026-01-14 09:11:09,230,"Bitcoin Up or Down - January 13, 8:00PM-8:15PM ET",price_change,UP,0.95,1079.37,0.96,0.97
2026-01-14 09:11:11,229,"Bitcoin Up or Down - January 13, 8:00PM-8:15PM ET",price_change,UP,0.95,1042.37,0.96,0.97
2026-01-14 09:11:11,229,"Bitcoin Up or Down - January 13, 8:00PM-8:15PM ET",price_change,DOWN,0.03,28000.91,0.03,0.04
2026-01-14 09:11:12,228,"Bitcoin Up or Down - January 13, 8:00PM-8:15PM ET",price_change,UP,0.95,1002.37,0.96,0.97
2026-01-14 09:11:12,228,"Bitcoin Up or Down - January 13, 8:00PM-8:15PM ET",price_change,DOWN,0.03,27572.63,0.03,0.04
2026-01-14 09:11:12,227,"Bitcoin Up or Down - January 13, 8:00PM-8:15PM ET",price_change,DOWN,0.03,27262.63,0.03,0.04
2026-01-14 09:11:12,227,"Bitcoin Up or Down - January 13, 8:00PM-8:15PM ET",price_change,UP,0.95,1002.37,0.96,0.97
2026-01-14 09:11:13,226,"Bitcoin Up or Down - January 13, 8:00PM-8:15PM ET",price_change,UP,0.69,26.1,0.96,0.97
2026-01-14 09:11:14,226,"Bitcoin Up or Down - January 13, 8:00PM-8:15PM ET",price_change,DOWN,0.03,27182.55,0.03,0.04
2026-01-14 09:11:14,225,"Bitcoin Up or Down - January 13, 8:00PM-8:15PM ET",price_change,DOWN,0.03,26838.11,0.03,0.04
2026-01-14 09:11:14,225,"Bitcoin Up or Down - January 13, 8:00PM-8:15PM ET",price_change,UP,0.69,36.1,0.96,0.97
2026-01-14 09:11:15,224,"Bitcoin Up or Down - January 13, 8:00PM-8:15PM ET",price_change,UP,0.96,1071.32,0.96,0.97
2026-01-14 09:11:15,224,"Bitcoin Up or Down - January 13, 8:00PM-8:15PM ET",price_change,DOWN,0.02,100522.15,0.03,0.04
2026-01-14 09:11:16,223,"Bitcoin Up or Down - January 13, 8:00PM-8:15PM ET",price_change,UP,0.92,1149.56,0.96,0.97
2026-01-14 09:11:17,223,"Bitcoin Up or Down - January 13, 8:00PM-8:15PM ET",price_change,DOWN,0.03,26755,0.03,0.04
2026-01-14 09:11:17,222,"Bitcoin Up or Down - January 13, 8:00PM-8:15PM ET",price_change,DOWN,0.03,26835.72,0.03,0.04
2026-01-14 09:11:17,222,"Bitcoin Up or Down - January 13, 8:00PM-8:15PM ET",price_change,UP,0.96,1071.32,0.96,0.97
2026-01-14 09:11:18,221,"Bitcoin Up or Down - January 13, 8:00PM-8:15PM ET",price_change,UP,0.94,594.85,0.96,0.97
2026-01-14 09:11:18,221,"Bitcoin Up or Down - January 13, 8:00PM-8:15PM ET",price_change,DOWN,0.02,100527.15,0.03,0.04
2026-01-14 09:11:19,220,"Bitcoin Up or Down - January 13, 8:00PM-8:15PM ET",price_change,UP,0.96,680.86,0.96,0.97
2026-01-14 09:11:19,220,"Bitcoin Up or Down - January 13, 8:00PM-8:15PM ET",price_change,DOWN,0.01,6617.79,0.03,0.04
2026-01-14 09:11:20,219,"Bitcoin Up or Down - January 13, 8:00PM-8:15PM ET",price_change,UP,0.95,994.03,0.96,0.97
2026-01-14 09:11:20,219,"Bitcoin Up or Down - January 13, 8:00PM-8:15PM ET",price_change,DOWN,0.02,100507.15,0.03,0.04
2026-01-14 09:11:21,218,"Bitcoin Up or Down - January 13, 8:00PM-8:15PM ET",price_change,DOWN,0.03,26391.67,0.03,0.04
2026-01-14 09:11:21,218,"Bitcoin Up or Down - January 13, 8:00PM-8:15PM ET",price_change,UP,0.92,1149.56,0.96,0.97
2026-01-14 09:11:22,217,"Bitcoin Up or Down - January 13, 8:00PM-8:15PM ET",price_change,UP,0.95,1032.03,0.96,0.97
2026-01-14 09:11:22,217,"Bitcoin Up or Down - January 13, 8:00PM-8:15PM ET",price_change,DOWN,0.03,26228.67,0.03,0.04
2026-01-14 09:11:23,216,"Bitcoin Up or Down - January 13, 8:00PM-8:15PM ET",price_change,DOWN,0.01,7085.03,0.03,0.04
2026-01-14 09:11:24,216,"Bitcoin Up or Down - January 13, 8:00PM-8:15PM ET",price_change,UP,0.95,996.03,0.96,0.97
2026-01-14 09:11:24,215,"Bitcoin Up or Down - January 13, 8:00PM-8:15PM ET",price_change,UP,0.8,586.55,0.96,0.97
2026-01-14 09:11:25,215,"Bitcoin Up or Down - January 13, 8:00PM-8:15PM ET",price_change,DOWN,0.02,100550.15,0.03,0.04
2026-01-14 09:11:25,214,"Bitcoin Up or Down - January 13, 8:00PM-8:15PM ET",price_change,UP,0.95,1797.03,0.96,0.97
2026-01-14 09:11:25,214,"Bitcoin Up or Down - January 13, 8:00PM-8:15PM ET",price_change,DOWN,0.03,26149.21,0.03,0.04
2026-01-14 09:11:26,213,"Bitcoin Up or Down - January 13, 8:00PM-8:15PM ET",price_change,UP,0.96,583.42,0.96,0.97
2026-01-14 09:11:26,213,"Bitcoin Up or Down - January 13, 8:00PM-8:15PM ET",price_change,DOWN,0.03,26134.77,0.03,0.04
2026-01-14 09:11:27,212,"Bitcoin Up or Down - January 13, 8:00PM-8:15PM ET",price_change,DOWN,0.02,100517.43,0.03,0.04
2026-01-14 09:11:27,212,"Bitcoin Up or Down - January 13, 8:00PM-8:15PM ET",price_change,UP,0.8,596.55,0.96,0.97
2026-01-14 09:11:28,211,"Bitcoin Up or Down - January 13, 8:00PM-8:15PM ET",price_change,DOWN,0.03,26123.35,0.03,0.04
2026-01-14 09:11:28,211,"Bitcoin Up or Down - January 13, 8:00PM-8:15PM ET",price_change,UP,0.69,36.1,0.96,0.97
2026-01-14 09:11:29,210,"Bitcoin Up or Down - January 13, 8:00PM-8:15PM ET",price_change,DOWN,0.03,26040.83,0.03,0.04
2026-01-14 09:11:29,210,"Bitcoin Up or Down - January 13, 8:00PM-8:15PM ET",price_change,UP,0.95,1730.03,0.96,0.97
2026-01-14 09:11:30,209,"Bitcoin Up or Down - January 13, 8:00PM-8:15PM ET",price_change,DOWN,0.03,25864.49,0.03,0.04
2026-01-14 09:11:30,209,"Bitcoin Up or Down - January 13, 8:00PM-8:15PM ET",price_change,UP,0.95,1779.56,0.96,0.97
2026-01-14 09:11:31,208,"Bitcoin Up or Down - January 13, 8:00PM-8:15PM ET",price_change,DOWN,0.03,25857.36,0.03,0.04
2026-01-14 09:11:32,208,"Bitcoin Up or Down - January 13, 8:00PM-8:15PM ET",price_change,UP,0.95,1678.56,0.96,0.97
2026-01-14 09:11:32,207,"Bitcoin Up or Down - January 13, 8:00PM-8:15PM ET",price_change,UP,0.95,1646.54,0.96,0.97
2026-01-14 09:11:32,207,"Bitcoin Up or Down - January 13, 8:00PM-8:15PM ET",price_change,DOWN,0.03,25997.36,0.03,0.04
2026-01-14 09:11:33,206,"Bitcoin Up or Down - January 13, 8:00PM-8:15PM ET",price_change,UP,0.96,565.1,0.96,0.97
2026-01-14 09:11:33,206,"Bitcoin Up or Down - January 13, 8:00PM-8:15PM ET",price_change,DOWN,0.03,25419.04,0.03,0.04
2026-01-14 09:11:34,205,"Bitcoin Up or Down - January 13, 8:00PM-8:15PM ET",price_change,UP,0.87,33,0.96,0.97
2026-01-14 09:11:34,205,"Bitcoin Up or Down - January 13, 8:00PM-8:15PM ET",price_change,DOWN,0.03,25292.81,0.03,0.04
2026-01-14 09:11:35,204,"Bitcoin Up or Down - January 13, 8:00PM-8:15PM ET",price_change,UP,0.82,78.1,0.96,0.97
2026-01-14 09:11:35,204,"Bitcoin Up or Down - January 13, 8:00PM-8:15PM ET",price_change,DOWN,0.03,25175.43,0.03,0.04
2026-01-14 09:11:36,203,"Bitcoin Up or Down - January 13, 8:00PM-8:15PM ET",price_change,UP,0.69,36.1,0.96,0.97
2026-01-14 09:11:37,203,"Bitcoin Up or Down - January 13, 8:00PM-8:15PM ET",price_change,DOWN,0.03,24607.64,0.03,0.04
2026-01-14 09:11:37,202,"Bitcoin Up or Down - January 13, 8:00PM-8:15PM ET",price_change,UP,0.88,34.6,0.96,0.97
2026-01-14 09:11:37,202,"Bitcoin Up or Down - January 13, 8:00PM-8:15PM ET",price_change,DOWN,0.03,22975.64,0.03,0.04
2026-01-14 09:11:39,201,"Bitcoin Up or Down - January 13, 8:00PM-8:15PM ET",price_change,UP,0.91,218.02,0.96,0.97
2026-01-14 09:11:39,201,"Bitcoin Up or Down - January 13, 8:00PM-8:15PM ET",price_change,DOWN,0.03,22801.72,0.03,0.04
2026-01-14 09:11:39,200,"Bitcoin Up or Down - January 13, 8:00PM-8:15PM ET",price_change,DOWN,0.02,100401.16,0.03,0.04
2026-01-14 09:11:39,200,"Bitcoin Up or Down - January 13, 8:00PM-8:15PM ET",price_change,UP,0.95,1077.8,0.96,0.97
2026-01-14 09:11:40,199,"Bitcoin Up or Down - January 13, 8:00PM-8:15PM ET",price_change,UP,0.95,1053.8,0.96,0.97
2026-01-14 09:11:40,199,"Bitcoin Up or Down - January 13, 8:00PM-8:15PM ET",price_change,DOWN,0.03,22431.87,0.03,0.04
2026-01-14 09:11:41,198,"Bitcoin Up or Down - January 13, 8:00PM-8:15PM ET",price_change,UP,0.95,1077.8,0.96,0.97
2026-01-14 09:11:41,198,"Bitcoin Up or Down - January 13, 8:00PM-8:15PM ET",price_change,DOWN,0.02,100401.16,0.03,0.04
2026-01-14 09:11:42,197,"Bitcoin Up or Down - January 13, 8:00PM-8:15PM ET",price_change,UP,0.69,26.1,0.96,0.97
2026-01-14 09:11:43,197,"Bitcoin Up or Down - January 13, 8:00PM-8:15PM ET",price_change,DOWN,0.03,22433.25,0.03,0.04
2026-01-14 09:11:43,196,"Bitcoin Up or Down - January 13, 8:00PM-8:15PM ET",price_change,UP,0.83,83.39,0.96,0.97
2026-01-14 09:11:44,196,"Bitcoin Up or Down - January 13, 8:00PM-8:15PM ET",price_change,DOWN,0.03,22412.51,0.03,0.04
2026-01-14 09:11:44,195,"Bitcoin Up or Down - January 13, 8:00PM-8:15PM ET",price_change,DOWN,0.03,21970.79,0.03,0.04
2026-01-14 09:11:45,195,"Bitcoin Up or Down - January 13, 8:00PM-8:15PM ET",price_change,UP,0.96,4400.47,0.96,0.97
2026-01-14 09:11:45,194,"Bitcoin Up or Down - January 13, 8:00PM-8:15PM ET",price_change,DOWN,0.03,21933.79,0.03,0.04
2026-01-14 09:11:45,194,"Bitcoin Up or Down - January 13, 8:00PM-8:15PM ET",price_change,UP,0.96,4426.47,0.96,0.97
2026-01-14 09:11:46,193,"Bitcoin Up or Down - January 13, 8:00PM-8:15PM ET",price_change,UP,0.96,4418.19,0.96,0.97
2026-01-14 09:11:46,193,"Bitcoin Up or Down - January 13, 8:00PM-8:15PM ET",price_change,DOWN,0.02,100410.42,0.03,0.04
2026-01-14 09:11:47,192,"Bitcoin Up or Down - January 13, 8:00PM-8:15PM ET",price_change,DOWN,0.02,100443.14,0.03,0.04
2026-01-14 09:11:47,192,"Bitcoin Up or Down - January 13, 8:00PM-8:15PM ET",price_change,UP,0.96,4720.93,0.96,0.97
2026-01-14 09:11:48,191,"Bitcoin Up or Down - January 13, 8:00PM-8:15PM ET",price_change,UP,0.03,359.27,0.96,0.97
2026-01-14 09:11:48,191,"Bitcoin Up or Down - January 13, 8:00PM-8:15PM ET",price_change,DOWN,0.03,21459.59,0.03,0.04
2026-01-14 09:11:49,190,"Bitcoin Up or Down - January 13, 8:00PM-8:15PM ET",price_change,DOWN,0.02,100434.42,0.03,0.04
2026-01-14 09:11:49,190,"Bitcoin Up or Down - January 13, 8:00PM-8:15PM ET",price_change,UP,0.96,4633.2,0.96,0.97
2026-01-14 09:11:50,189,"Bitcoin Up or Down - January 13, 8:00PM-8:15PM ET",price_change,DOWN,0.03,21463.17,0.03,0.04
2026-01-14 09:11:50,189,"Bitcoin Up or Down - January 13, 8:00PM-8:15PM ET",price_change,UP,0.69,36.1,0.96,0.97
2026-01-14 09:11:51,188,"Bitcoin Up or Down - January 13, 8:00PM-8:15PM ET",price_change,DOWN,0.03,21443.15,0.03,0.04
2026-01-14 09:11:51,188,"Bitcoin Up or Down - January 13, 8:00PM-8:15PM ET",price_change,UP,0.83,83.39,0.96,0.97
2026-01-14 09:11:52,187,"Bitcoin Up or Down - January 13, 8:00PM-8:15PM ET",price_change,UP,0.86,1026.6,0.96,0.97
2026-01-14 09:11:53,187,"Bitcoin Up or Down - January 13, 8:00PM-8:15PM ET",price_change,DOWN,0.02,100459.42,0.03,0.04
2026-01-14 09:11:53,186,"Bitcoin Up or Down - January 13, 8:00PM-8:15PM ET",price_change,DOWN,0.03,21176.96,0.03,0.04
2026-01-14 09:11:53,186,"Bitcoin Up or Down - January 13, 8:00PM-8:15PM ET",price_change,UP,0.96,1714.36,0.96,0.97
2026-01-14 09:11:54,185,"Bitcoin Up or Down - January 13, 8:00PM-8:15PM ET",price_change,UP,0.94,246.74,0.96,0.97
2026-01-14 09:11:54,185,"Bitcoin Up or Down - January 13, 8:00PM-8:15PM ET",price_change,DOWN,0.03,20840.38,0.03,0.04
2026-01-14 09:11:55,184,"Bitcoin Up or Down - January 13, 8:00PM-8:15PM ET",price_change,UP,0.96,1706.36,0.96,0.97
2026-01-14 09:11:55,184,"Bitcoin Up or Down - January 13, 8:00PM-8:15PM ET",price_change,DOWN,0.02,100454.14,0.03,0.04
2026-01-14 09:11:56,183,"Bitcoin Up or Down - January 13, 8:00PM-8:15PM ET",price_change,UP,0.69,26.1,0.96,0.97
2026-01-14 09:11:56,183,"Bitcoin Up or Down - January 13, 8:00PM-8:15PM ET",price_change,DOWN,0.03,20821.3,0.03,0.04
2026-01-14 09:11:57,182,"Bitcoin Up or Down - January 13, 8:00PM-8:15PM ET",price_change,UP,0.95,425.28,0.96,0.97
2026-01-14 09:11:57,182,"Bitcoin Up or Down - January 13, 8:00PM-8:15PM ET",price_change,DOWN,0.03,20382.3,0.03,0.04
2026-01-14 09:11:58,181,"Bitcoin Up or Down - January 13, 8:00PM-8:15PM ET",price_change,DOWN,0.03,20446.26,0.03,0.04
2026-01-14 09:11:58,181,"Bitcoin Up or Down - January 13, 8:00PM-8:15PM ET",price_change,UP,0.83,88.39,0.96,0.97
2026-01-14 09:11:59,180,"Bitcoin Up or Down - January 13, 8:00PM-8:15PM ET",price_change,UP,0.96,1711.36,0.96,0.97
2026-01-14 09:11:59,180,"Bitcoin Up or Down - January 13, 8:00PM-8:15PM ET",price_change,DOWN,0.03,19866.61,0.03,0.04
2026-01-14 09:12:00,179,"Bitcoin Up or Down - January 13, 8:00PM-8:15PM ET",price_change,DOWN,0.03,19451.39,0.03,0.04
2026-01-14 09:12:00,179,"Bitcoin Up or Down - January 13, 8:00PM-8:15PM ET",price_change,UP,0.96,1975.36,0.96,0.97
2026-01-14 09:12:01,178,"Bitcoin Up or Down - January 13, 8:00PM-8:15PM ET",price_change,UP,0.96,1849.36,0.96,0.97
2026-01-14 09:12:01,178,"Bitcoin Up or Down - January 13, 8:00PM-8:15PM ET",price_change,DOWN,0.02,100490.86,0.03,0.04
2026-01-14 09:12:02,177,"Bitcoin Up or Down - January 13, 8:00PM-8:15PM ET",price_change,DOWN,0.03,18940.15,0.03,0.04
2026-01-14 09:12:02,177,"Bitcoin Up or Down - January 13, 8:00PM-8:15PM ET",price_change,UP,0.96,1899.36,0.96,0.97
2026-01-14 09:12:03,176,"Bitcoin Up or Down - January 13, 8:00PM-8:15PM ET",price_change,UP,0.83,83.39,0.96,0.97
2026-01-14 09:12:03,176,"Bitcoin Up or Down - January 13, 8:00PM-8:15PM ET",price_change,DOWN,0.03,18680.3,0.03,0.04
2026-01-14 09:12:04,175,"Bitcoin Up or Down - January 13, 8:00PM-8:15PM ET",price_change,UP,0.69,36.1,0.96,0.97
2026-01-14 09:12:04,175,"Bitcoin Up or Down - January 13, 8:00PM-8:15PM ET",price_change,DOWN,0.03,18623.86,0.03,0.04
2026-01-14 09:12:05,174,"Bitcoin Up or Down - January 13, 8:00PM-8:15PM ET",price_change,DOWN,0.03,18677.51,0.03,0.04
2026-01-14 09:12:05,174,"Bitcoin Up or Down - January 13, 8:00PM-8:15PM ET",price_change,UP,0.69,36.1,0.96,0.97
2026-01-14 09:12:06,173,"Bitcoin Up or Down - January 13, 8:00PM-8:15PM ET",price_change,UP,0.95,522.28,0.96,0.97
2026-01-14 09:12:06,173,"Bitcoin Up or Down - January 13, 8:00PM-8:15PM ET",price_change,DOWN,0.02,100454.14,0.03,0.04
2026-01-14 09:12:07,172,"Bitcoin Up or Down - January 13, 8:00PM-8:15PM ET",price_change,DOWN,0.03,18703.81,0.03,0.04
2026-01-14 09:12:07,172,"Bitcoin Up or Down - January 13, 8:00PM-8:15PM ET",price_change,UP,0.95,586.28,0.96,0.97
2026-01-14 09:12:09,171,"Bitcoin Up or Down - January 13, 8:00PM-8:15PM ET",price_change,UP,0.96,1592.36,0.96,0.97
2026-01-14 09:12:09,171,"Bitcoin Up or Down - January 13, 8:00PM-8:15PM ET",price_change,DOWN,0.03,18624.14,0.03,0.04
2026-01-14 09:12:09,170,"Bitcoin Up or Down - January 13, 8:00PM-8:15PM ET",price_change,DOWN,0.03,18611.76,0.03,0.04
2026-01-14 09:12:09,170,"Bitcoin Up or Down - January 13, 8:00PM-8:15PM ET",price_change,UP,0.95,498.28,0.96,0.97
2026-01-14 09:12:10,169,"Bitcoin Up or Down - January 13, 8:00PM-8:15PM ET",price_change,DOWN,0.03,18598.65,0.03,0.04
2026-01-14 09:12:11,169,"Bitcoin Up or Down - January 13, 8:00PM-8:15PM ET",price_change,UP,0.96,1654.36,0.96,0.97
2026-01-14 09:12:11,168,"Bitcoin Up or Down - January 13, 8:00PM-8:15PM ET",price_change,UP,0.95,470.28,0.96,0.97
2026-01-14 09:12:11,168,"Bitcoin Up or Down - January 13, 8:00PM-8:15PM ET",price_change,DOWN,0.03,16639.25,0.03,0.04
2026-01-14 09:12:12,167,"Bitcoin Up or Down - January 13, 8:00PM-8:15PM ET",price_change,UP,0.69,36.1,0.96,0.97
2026-01-14 09:12:13,167,"Bitcoin Up or Down - January 13, 8:00PM-8:15PM ET",price_change,DOWN,0.03,16638.57,0.03,0.04
2026-01-14 09:12:13,166,"Bitcoin Up or Down - January 13, 8:00PM-8:15PM ET",price_change,DOWN,0.03,16698.57,0.03,0.04
2026-01-14 09:12:13,166,"Bitcoin Up or Down - January 13, 8:00PM-8:15PM ET",price_change,UP,0.96,1537.29,0.96,0.97
2026-01-14 09:12:14,165,"Bitcoin Up or Down - January 13, 8:00PM-8:15PM ET",price_change,UP,0.95,694.28,0.96,0.97
2026-01-14 09:12:14,165,"Bitcoin Up or Down - January 13, 8:00PM-8:15PM ET",price_change,DOWN,0.03,16587.56,0.03,0.04
2026-01-14 09:12:15,164,"Bitcoin Up or Down - January 13, 8:00PM-8:15PM ET",price_change,UP,0.96,1570.35,0.96,0.97
2026-01-14 09:12:16,164,"Bitcoin Up or Down - January 13, 8:00PM-8:15PM ET",price_change,DOWN,0.03,16682.28,0.03,0.04
2026-01-14 09:12:17,163,"Bitcoin Up or Down - January 13, 8:00PM-8:15PM ET",price_change,UP,0.96,1554.62,0.96,0.97
2026-01-14 09:12:17,163,"Bitcoin Up or Down - January 13, 8:00PM-8:15PM ET",price_change,DOWN,0.03,16628.28,0.03,0.04
2026-01-14 09:12:18,162,"Bitcoin Up or Down - January 13, 8:00PM-8:15PM ET",price_change,UP,0.96,1554.62,0.96,0.97
2026-01-14 09:12:18,162,"Bitcoin Up or Down - January 13, 8:00PM-8:15PM ET",price_change,DOWN,0.03,16628.28,0.03,0.04
2026-01-14 09:12:18,161,"Bitcoin Up or Down - January 13, 8:00PM-8:15PM ET",price_change,UP,0.69,26.1,0.96,0.97
2026-01-14 09:12:18,161,"Bitcoin Up or Down - January 13, 8:00PM-8:15PM ET",price_change,DOWN,0.01,8274.01,0.03,0.04
2026-01-14 09:12:19,160,"Bitcoin Up or Down - January 13, 8:00PM-8:15PM ET",price_change,UP,0.95,624.28,0.96,0.97
2026-01-14 09:12:19,160,"Bitcoin Up or Down - January 13, 8:00PM-8:15PM ET",price_change,DOWN,0.01,8374.01,0.03,0.04
2026-01-14 09:12:21,159,"Bitcoin Up or Down - January 13, 8:00PM-8:15PM ET",price_change,UP,0.96,1618.62,0.96,0.97
2026-01-14 09:12:21,159,"Bitcoin Up or Down - January 13, 8:00PM-8:15PM ET",price_change,DOWN,0.02,100478.14,0.03,0.04
2026-01-14 09:12:21,158,"Bitcoin Up or Down - January 13, 8:00PM-8:15PM ET",price_change,UP,0.96,1689.62,0.96,0.97
2026-01-14 09:12:21,158,"Bitcoin Up or Down - January 13, 8:00PM-8:15PM ET",price_change,DOWN,0.02,100478.14,0.03,0.04
2026-01-14 09:12:23,157,"Bitcoin Up or Down - January 13, 8:00PM-8:15PM ET",price_change,UP,0.96,1606.62,0.96,0.97
2026-01-14 09:12:23,157,"Bitcoin Up or Down - January 13, 8:00PM-8:15PM ET",price_change,DOWN,0.03,11379.76,0.03,0.04
2026-01-14 09:12:23,156,"Bitcoin Up or Down - January 13, 8:00PM-8:15PM ET",price_change,UP,0.88,29.6,0.96,0.97
2026-01-14 09:12:23,156,"Bitcoin Up or Down - January 13, 8:00PM-8:15PM ET",price_change,DOWN,0.03,9774.76,0.03,0.04
2026-01-14 09:12:24,155,"Bitcoin Up or Down - January 13, 8:00PM-8:15PM ET",price_change,DOWN,0.02,100580.58,0.03,0.04
2026-01-14 09:12:24,155,"Bitcoin Up or Down - January 13, 8:00PM-8:15PM ET",price_change,UP,0.96,1614.35,0.96,0.97
2026-01-14 09:12:25,154,"Bitcoin Up or Down - January 13, 8:00PM-8:15PM ET",price_change,UP,0.69,26.1,0.96,0.97
2026-01-14 09:12:25,154,"Bitcoin Up or Down - January 13, 8:00PM-8:15PM ET",price_change,DOWN,0.03,9777.71,0.03,0.04
2026-01-14 09:12:26,153,"Bitcoin Up or Down - January 13, 8:00PM-8:15PM ET",price_change,DOWN,0.01,7999.01,0.03,0.04
2026-01-14 09:12:26,153,"Bitcoin Up or Down - January 13, 8:00PM-8:15PM ET",price_change,UP,0.69,36.1,0.96,0.97
2026-01-14 09:12:27,152,"Bitcoin Up or Down - January 13, 8:00PM-8:15PM ET",price_change,UP,0.95,634.28,0.96,0.97
2026-01-14 09:12:28,152,"Bitcoin Up or Down - January 13, 8:00PM-8:15PM ET",price_change,DOWN,0.02,100556.58,0.03,0.04
2026-01-14 09:12:28,151,"Bitcoin Up or Down - January 13, 8:00PM-8:15PM ET",price_change,UP,0.96,2091.62,0.96,0.97
2026-01-14 09:12:28,151,"Bitcoin Up or Down - January 13, 8:00PM-8:15PM ET",price_change,DOWN,0.03,8971.67,0.03,0.04
2026-01-14 09:12:29,150,"Bitcoin Up or Down - January 13, 8:00PM-8:15PM ET",price_change,UP,0.93,62,0.96,0.97
2026-01-14 09:12:30,150,"Bitcoin Up or Down - January 13, 8:00PM-8:15PM ET",price_change,DOWN,0.01,7079.01,0.03,0.04
2026-01-14 09:12:30,149,"Bitcoin Up or Down - January 13, 8:00PM-8:15PM ET",price_change,DOWN,0.03,8412.47,0.03,0.04
2026-01-14 09:12:30,149,"Bitcoin Up or Down - January 13, 8:00PM-8:15PM ET",price_change,UP,0.96,2083.05,0.96,0.97
2026-01-14 09:12:31,148,"Bitcoin Up or Down - January 13, 8:00PM-8:15PM ET",price_change,UP,0.96,2082.05,0.96,0.97
2026-01-14 09:12:31,148,"Bitcoin Up or Down - January 13, 8:00PM-8:15PM ET",price_change,DOWN,0.03,7338.84,0.03,0.04
2026-01-14 09:12:32,147,"Bitcoin Up or Down - January 13, 8:00PM-8:15PM ET",price_change,UP,0.69,36.1,0.96,0.97
2026-01-14 09:12:33,147,"Bitcoin Up or Down - January 13, 8:00PM-8:15PM ET",price_change,DOWN,0.01,7101.16,0.03,0.04
2026-01-14 09:12:33,146,"Bitcoin Up or Down - January 13, 8:00PM-8:15PM ET",price_change,DOWN,0.03,3246.43,0.03,0.04
2026-01-14 09:12:33,146,"Bitcoin Up or Down - January 13, 8:00PM-8:15PM ET",price_change,UP,0.69,36.1,0.96,0.97
2026-01-14 09:12:34,145,"Bitcoin Up or Down - January 13, 8:00PM-8:15PM ET",price_change,DOWN,0.03,3055.29,0.03,0.04
2026-01-14 09:12:34,145,"Bitcoin Up or Down - January 13, 8:00PM-8:15PM ET",price_change,UP,0.84,150.43,0.96,0.97
2026-01-14 09:12:35,144,"Bitcoin Up or Down - January 13, 8:00PM-8:15PM ET",price_change,UP,0.82,78.1,0.96,0.97
2026-01-14 09:12:35,144,"Bitcoin Up or Down - January 13, 8:00PM-8:15PM ET",price_change,DOWN,0.03,546.71,0.03,0.04
2026-01-14 09:12:36,143,"Bitcoin Up or Down - January 13, 8:00PM-8:15PM ET",price_change,UP,0.82,83.1,0.96,0.97
2026-01-14 09:12:36,143,"Bitcoin Up or Down - January 13, 8:00PM-8:15PM ET",price_change,DOWN,0.02,100639.84,0.03,0.04
2026-01-14 09:12:37,142,"Bitcoin Up or Down - January 13, 8:00PM-8:15PM ET",price_change,UP,0.97,800.7,0.97,0.98
2026-01-14 09:12:37,142,"Bitcoin Up or Down - January 13, 8:00PM-8:15PM ET",price_change,DOWN,0.03,0,0.02,0.03
2026-01-14 09:12:38,141,"Bitcoin Up or Down - January 13, 8:00PM-8:15PM ET",price_change,DOWN,0.02,100635.04,0.02,0.03
2026-01-14 09:12:38,141,"Bitcoin Up or Down - January 13, 8:00PM-8:15PM ET",price_change,UP,0.94,187.6,0.97,0.98
2026-01-14 09:12:39,140,"Bitcoin Up or Down - January 13, 8:00PM-8:15PM ET",price_change,UP,0.69,36.1,0.97,0.98
2026-01-14 09:12:40,140,"Bitcoin Up or Down - January 13, 8:00PM-8:15PM ET",price_change,DOWN,0.02,100465.43,0.02,0.03
2026-01-14 09:12:40,139,"Bitcoin Up or Down - January 13, 8:00PM-8:15PM ET",price_change,UP,0.96,3137.62,0.97,0.98
2026-01-14 09:12:41,139,"Bitcoin Up or Down - January 13, 8:00PM-8:15PM ET",price_change,DOWN,0.02,100366.71,0.02,0.03
2026-01-14 09:12:41,138,"Bitcoin Up or Down - January 13, 8:00PM-8:15PM ET",price_change,DOWN,0.02,100361.6,0.02,0.03
2026-01-14 09:12:42,138,"Bitcoin Up or Down - January 13, 8:00PM-8:15PM ET",price_change,UP,0.96,2912.61,0.97,0.98
2026-01-14 09:12:42,137,"Bitcoin Up or Down - January 13, 8:00PM-8:15PM ET",price_change,UP,0.84,150.43,0.97,0.98
2026-01-14 09:12:43,137,"Bitcoin Up or Down - January 13, 8:00PM-8:15PM ET",price_change,DOWN,0.02,99958.58,0.02,0.03
2026-01-14 09:12:43,136,"Bitcoin Up or Down - January 13, 8:00PM-8:15PM ET",price_change,UP,0.96,2873.61,0.97,0.98
2026-01-14 09:12:43,136,"Bitcoin Up or Down - January 13, 8:00PM-8:15PM ET",price_change,DOWN,0.02,100012.08,0.02,0.03
2026-01-14 09:12:44,135,"Bitcoin Up or Down - January 13, 8:00PM-8:15PM ET",price_change,DOWN,0.02,100002.89,0.02,0.03
2026-01-14 09:12:45,135,"Bitcoin Up or Down - January 13, 8:00PM-8:15PM ET",price_change,UP,0.96,2855.61,0.97,0.98
2026-01-14 09:12:45,134,"Bitcoin Up or Down - January 13, 8:00PM-8:15PM ET",price_change,UP,0.97,7419.17,0.97,0.98
2026-01-14 09:12:45,134,"Bitcoin Up or Down - January 13, 8:00PM-8:15PM ET",price_change,DOWN,0.02,99955.96,0.02,0.03
2026-01-14 09:12:46,133,"Bitcoin Up or Down - January 13, 8:00PM-8:15PM ET",price_change,UP,0.69,36.1,0.97,0.98
2026-01-14 09:12:46,133,"Bitcoin Up or Down - January 13, 8:00PM-8:15PM ET",price_change,DOWN,0.02,88086.85,0.02,0.03
2026-01-14 09:12:47,132,"Bitcoin Up or Down - January 13, 8:00PM-8:15PM ET",price_change,UP,0.02,1240.3,0.97,0.98
2026-01-14 09:12:48,132,"Bitcoin Up or Down - January 13, 8:00PM-8:15PM ET",price_change,DOWN,0.02,88050.2,0.02,0.03
2026-01-14 09:12:48,131,"Bitcoin Up or Down - January 13, 8:00PM-8:15PM ET",price_change,DOWN,0.02,87696.14,0.02,0.03
2026-01-14 09:12:49,131,"Bitcoin Up or Down - January 13, 8:00PM-8:15PM ET",price_change,UP,0.96,2354.61,0.97,0.98
2026-01-14 09:12:49,130,"Bitcoin Up or Down - January 13, 8:00PM-8:15PM ET",price_change,DOWN,0.02,87573.98,0.02,0.03
2026-01-14 09:12:50,130,"Bitcoin Up or Down - January 13, 8:00PM-8:15PM ET",price_change,UP,0.96,2354.61,0.97,0.98
2026-01-14 09:12:50,129,"Bitcoin Up or Down - January 13, 8:00PM-8:15PM ET",price_change,DOWN,0.02,87426.48,0.02,0.03
2026-01-14 09:12:50,129,"Bitcoin Up or Down - January 13, 8:00PM-8:15PM ET",price_change,UP,0.97,7462.95,0.97,0.98
2026-01-14 09:12:51,128,"Bitcoin Up or Down - January 13, 8:00PM-8:15PM ET",price_change,DOWN,0.02,87127.64,0.02,0.03
2026-01-14 09:12:52,128,"Bitcoin Up or Down - January 13, 8:00PM-8:15PM ET",price_change,UP,0.96,2362.92,0.97,0.98
2026-01-14 09:12:52,127,"Bitcoin Up or Down - January 13, 8:00PM-8:15PM ET",price_change,UP,0.94,188.6,0.97,0.98
2026-01-14 09:12:52,127,"Bitcoin Up or Down - January 13, 8:00PM-8:15PM ET",price_change,DOWN,0.01,7168.04,0.02,0.03
2026-01-14 09:12:53,126,"Bitcoin Up or Down - January 13, 8:00PM-8:15PM ET",price_change,UP,0.001,10,0.97,0.98
2026-01-14 09:12:53,126,"Bitcoin Up or Down - January 13, 8:00PM-8:15PM ET",price_change,DOWN,0.001,10,0.02,0.03
2026-01-14 09:12:54,125,"Bitcoin Up or Down - January 13, 8:00PM-8:15PM ET",price_change,UP,0.001,140,0.97,0.98
2026-01-14 09:12:55,125,"Bitcoin Up or Down - January 13, 8:00PM-8:15PM ET",price_change,DOWN,0.02,86939.97,0.02,0.03
2026-01-14 09:12:55,124,"Bitcoin Up or Down - January 13, 8:00PM-8:15PM ET",price_change,DOWN,0.001,270,0.02,0.03
2026-01-14 09:12:56,124,"Bitcoin Up or Down - January 13, 8:00PM-8:15PM ET",price_change,UP,0.97,7551.7,0.97,0.98
2026-01-14 09:12:56,123,"Bitcoin Up or Down - January 13, 8:00PM-8:15PM ET",price_change,DOWN,0.02,86873.85,0.02,0.03
2026-01-14 09:12:57,123,"Bitcoin Up or Down - January 13, 8:00PM-8:15PM ET",price_change,UP,0.96,2367.92,0.97,0.98
2026-01-14 09:12:57,122,"Bitcoin Up or Down - January 13, 8:00PM-8:15PM ET",price_change,UP,0.82,78.1,0.97,0.98
2026-01-14 09:12:58,122,"Bitcoin Up or Down - January 13, 8:00PM-8:15PM ET",price_change,DOWN,0.02,86853.42,0.02,0.03
2026-01-14 09:12:58,121,"Bitcoin Up or Down - January 13, 8:00PM-8:15PM ET",price_change,UP,0.82,83.1,0.97,0.98
2026-01-14 09:12:58,121,"Bitcoin Up or Down - January 13, 8:00PM-8:15PM ET",price_change,DOWN,0.02,86789.88,0.02,0.03
2026-01-14 09:12:59,120,"Bitcoin Up or Down - January 13, 8:00PM-8:15PM ET",price_change,UP,0.69,36.1,0.97,0.98
2026-01-14 09:12:59,120,"Bitcoin Up or Down - January 13, 8:00PM-8:15PM ET",price_change,DOWN,0.02,86720.17,0.02,0.03
2026-01-14 09:13:00,119,"Bitcoin Up or Down - January 13, 8:00PM-8:15PM ET",price_change,UP,0.97,4426.95,0.97,0.98
2026-01-14 09:13:00,119,"Bitcoin Up or Down - January 13, 8:00PM-8:15PM ET",price_change,DOWN,0.01,7394.71,0.02,0.03
2026-01-14 09:13:01,118,"Bitcoin Up or Down - January 13, 8:00PM-8:15PM ET",price_change,DOWN,0.01,7394.71,0.02,0.03
2026-01-14 09:13:01,118,"Bitcoin Up or Down - January 13, 8:00PM-8:15PM ET",price_change,UP,0.96,2202.92,0.97,0.98
2026-01-14 09:13:02,117,"Bitcoin Up or Down - January 13, 8:00PM-8:15PM ET",price_change,UP,0.97,4429.25,0.99,0.998
2026-01-14 09:13:02,117,"Bitcoin Up or Down - January 13, 8:00PM-8:15PM ET",price_change,DOWN,0.002,55,0.002,0.01
2026-01-14 09:13:03,116,"Bitcoin Up or Down - January 13, 8:00PM-8:15PM ET",price_change,DOWN,0.002,39.98,0.002,0.01
2026-01-14 09:13:03,116,"Bitcoin Up or Down - January 13, 8:00PM-8:15PM ET",price_change,UP,0.84,150.43,0.99,0.998
2026-01-14 09:13:04,115,"Bitcoin Up or Down - January 13, 8:00PM-8:15PM ET",price_change,UP,0.998,157.73,0.998,0.999
2026-01-14 09:13:05,114,"Bitcoin Up or Down - January 13, 8:00PM-8:15PM ET",price_change,UP,0.83,88.39,0.998,0.999
2026-01-14 09:13:06,114,"Bitcoin Up or Down - January 13, 8:00PM-8:15PM ET",price_change,DOWN,0.001,70,0.001,0.002
2026-01-14 09:13:06,113,"Bitcoin Up or Down - January 13, 8:00PM-8:15PM ET",price_change,UP,0.998,706.31,0.998,0.999
2026-01-14 09:13:07,112,"Bitcoin Up or Down - January 13, 8:00PM-8:15PM ET",price_change,UP,0.99,10379.7,0.998,0.999
2026-01-14 09:13:08,111,"Bitcoin Up or Down - January 13, 8:00PM-8:15PM ET",price_change,UP,0.96,1666.48,0.998,0.999
2026-01-14 09:13:09,111,"Bitcoin Up or Down - January 13, 8:00PM-8:15PM ET",price_change,DOWN,0.001,59.99,0.001,0.002
2026-01-14 09:13:09,110,"Bitcoin Up or Down - January 13, 8:00PM-8:15PM ET",price_change,UP,0.998,676.98,0.998,0.999
2026-01-14 09:13:10,110,"Bitcoin Up or Down - January 13, 8:00PM-8:15PM ET",price_change,DOWN,0.001,283.7,0.001,0.002
2026-01-14 09:13:10,109,"Bitcoin Up or Down - January 13, 8:00PM-8:15PM ET",price_change,UP,0.99,20480.71,0.998,0.999
2026-01-14 09:13:11,108,"Bitcoin Up or Down - January 13, 8:00PM-8:15PM ET",price_change,UP,0.99,20480.71,0.998,0.999
2026-01-14 09:13:12,107,"Bitcoin Up or Down - January 13, 8:00PM-8:15PM ET",price_change,UP,0.7,46.2,0.998,0.999
2026-01-14 09:13:13,106,"Bitcoin Up or Down - January 13, 8:00PM-8:15PM ET",price_change,UP,0.89,2041.6,0.998,0.999
2026-01-14 09:13:14,106,"Bitcoin Up or Down - January 13, 8:00PM-8:15PM ET",price_change,DOWN,0.001,273.69,0.001,0.002
2026-01-14 09:13:14,105,"Bitcoin Up or Down - January 13, 8:00PM-8:15PM ET",price_change,UP,0.97,5033.91,0.998,0.999
2026-01-14 09:13:15,104,"Bitcoin Up or Down - January 13, 8:00PM-8:15PM ET",price_change,UP,0.998,276.34,0.998,0.999
2026-01-14 09:13:16,103,"Bitcoin Up or Down - January 13, 8:00PM-8:15PM ET",price_change,UP,0.99,20456.63,0.99,0.999
2026-01-14 09:13:17,102,"Bitcoin Up or Down - January 13, 8:00PM-8:15PM ET",price_change,UP,0.98,2639.83,0.99,0.999
2026-01-14 09:13:18,101,"Bitcoin Up or Down - January 13, 8:00PM-8:15PM ET",price_change,UP,0.991,1584.54,0.991,0.999
2026-01-14 09:13:19,101,"Bitcoin Up or Down - January 13, 8:00PM-8:15PM ET",price_change,DOWN,0.001,263.68,0.001,0.009
2026-01-14 09:13:19,100,"Bitcoin Up or Down - January 13, 8:00PM-8:15PM ET",price_change,UP,0.99,20005.33,0.991,0.999
2026-01-14 09:13:20,99,"Bitcoin Up or Down - January 13, 8:00PM-8:15PM ET",price_change,UP,0.99,20017.41,0.991,0.999
2026-01-14 09:13:21,98,"Bitcoin Up or Down - January 13, 8:00PM-8:15PM ET",price_change,UP,0.99,20522.41,0.991,0.999
2026-01-14 09:13:22,97,"Bitcoin Up or Down - January 13, 8:00PM-8:15PM ET",price_change,UP,0.83,88.39,0.991,0.999
2026-01-14 09:13:23,96,"Bitcoin Up or Down - January 13, 8:00PM-8:15PM ET",price_change,UP,0.99,20525.38,0.991,0.999
2026-01-14 09:13:24,96,"Bitcoin Up or Down - January 13, 8:00PM-8:15PM ET",price_change,DOWN,0.001,253.67,0.001,0.009
2026-01-14 09:13:24,95,"Bitcoin Up or Down - January 13, 8:00PM-8:15PM ET",price_change,UP,0.83,83.39,0.991,0.999
2026-01-14 09:13:25,94,"Bitcoin Up or Down - January 13, 8:00PM-8:15PM ET",price_change,UP,0.991,1025.45,0.991,0.999
2026-01-14 09:13:26,94,"Bitcoin Up or Down - January 13, 8:00PM-8:15PM ET",price_change,DOWN,0.001,251.2,0.001,0.009
2026-01-14 09:13:26,93,"Bitcoin Up or Down - January 13, 8:00PM-8:15PM ET",price_change,UP,0.99,20830.62,0.991,0.999
2026-01-14 09:13:27,92,"Bitcoin Up or Down - January 13, 8:00PM-8:15PM ET",price_change,UP,0.99,20825.62,0.991,0.999
2026-01-14 09:13:28,91,"Bitcoin Up or Down - January 13, 8:00PM-8:15PM ET",price_change,UP,0.99,20830.62,0.991,0.999
2026-01-14 09:13:29,91,"Bitcoin Up or Down - January 13, 8:00PM-8:15PM ET",price_change,DOWN,0.001,241.19,0.001,0.009
2026-01-14 09:13:29,90,"Bitcoin Up or Down - January 13, 8:00PM-8:15PM ET",price_change,UP,0.99,20837.7,0.991,0.999
2026-01-14 09:13:31,89,"Bitcoin Up or Down - January 13, 8:00PM-8:15PM ET",price_change,UP,0.96,1602.48,0.991,0.999
2026-01-14 09:13:31,88,"Bitcoin Up or Down - January 13, 8:00PM-8:15PM ET",price_change,UP,0.95,523.88,0.991,0.999
2026-01-14 09:13:31,88,"Bitcoin Up or Down - January 13, 8:00PM-8:15PM ET",price_change,DOWN,0.001,227.97,0.001,0.009
2026-01-14 09:13:32,87,"Bitcoin Up or Down - January 13, 8:00PM-8:15PM ET",price_change,UP,0.99,20835.62,0.991,0.999
2026-01-14 09:13:32,87,"Bitcoin Up or Down - January 13, 8:00PM-8:15PM ET",price_change,DOWN,0.001,184.25,0.001,0.009
2026-01-14 09:13:33,86,"Bitcoin Up or Down - January 13, 8:00PM-8:15PM ET",price_change,UP,0.99,20942.7,0.991,0.999
2026-01-14 09:13:34,86,"Bitcoin Up or Down - January 13, 8:00PM-8:15PM ET",price_change,DOWN,0.001,3765.76,0.001,0.009
2026-01-14 09:13:34,85,"Bitcoin Up or Down - January 13, 8:00PM-8:15PM ET",price_change,UP,0.99,20942.7,0.991,0.999
2026-01-14 09:13:34,85,"Bitcoin Up or Down - January 13, 8:00PM-8:15PM ET",price_change,DOWN,0.001,3755.74,0.001,0.009
2026-01-14 09:13:35,84,"Bitcoin Up or Down - January 13, 8:00PM-8:15PM ET",price_change,UP,0.99,20940.62,0.991,0.999
2026-01-14 09:13:36,83,"Bitcoin Up or Down - January 13, 8:00PM-8:15PM ET",price_change,UP,0.99,20945.62,0.991,0.999
2026-01-14 09:13:37,82,"Bitcoin Up or Down - January 13, 8:00PM-8:15PM ET",price_change,UP,0.96,1633.48,0.991,0.999
2026-01-14 09:13:38,81,"Bitcoin Up or Down - January 13, 8:00PM-8:15PM ET",price_change,UP,0.99,20959.43,0.991,0.999
2026-01-14 09:13:39,81,"Bitcoin Up or Down - January 13, 8:00PM-8:15PM ET",price_change,DOWN,0.001,1743.71,0.001,0.009
2026-01-14 09:13:39,80,"Bitcoin Up or Down - January 13, 8:00PM-8:15PM ET",price_change,UP,0.99,22713.16,0.991,0.999
2026-01-14 09:13:40,80,"Bitcoin Up or Down - January 13, 8:00PM-8:15PM ET",price_change,DOWN,0.001,1733.71,0.001,0.009
2026-01-14 09:13:40,79,"Bitcoin Up or Down - January 13, 8:00PM-8:15PM ET",price_change,UP,0.99,22908.1,0.991,0.999
2026-01-14 09:13:41,78,"Bitcoin Up or Down - January 13, 8:00PM-8:15PM ET",price_change,UP,0.99,22915.18,0.991,0.999
2026-01-14 09:13:42,77,"Bitcoin Up or Down - January 13, 8:00PM-8:15PM ET",price_change,UP,0.99,23015.98,0.991,0.999
2026-01-14 09:13:43,76,"Bitcoin Up or Down - January 13, 8:00PM-8:15PM ET",price_change,UP,0.991,2398.09,0.991,0.999
2026-01-14 09:13:44,76,"Bitcoin Up or Down - January 13, 8:00PM-8:15PM ET",price_change,DOWN,0.001,1723.69,0.001,0.009
2026-01-14 09:13:44,75,"Bitcoin Up or Down - January 13, 8:00PM-8:15PM ET",price_change,UP,0.99,23004.25,0.991,0.999
2026-01-14 09:13:45,74,"Bitcoin Up or Down - January 13, 8:00PM-8:15PM ET",price_change,UP,0.99,23102.17,0.991,0.999
2026-01-14 09:13:46,73,"Bitcoin Up or Down - January 13, 8:00PM-8:15PM ET",price_change,UP,0.84,155.43,0.991,0.999
2026-01-14 09:13:47,72,"Bitcoin Up or Down - January 13, 8:00PM-8:15PM ET",price_change,UP,0.86,1033.6,0.991,0.999
2026-01-14 09:13:48,71,"Bitcoin Up or Down - January 13, 8:00PM-8:15PM ET",price_change,UP,0.96,1552.48,0.991,0.999
2026-01-14 09:13:49,70,"Bitcoin Up or Down - January 13, 8:00PM-8:15PM ET",price_change,UP,0.84,150.43,0.991,0.999
2026-01-14 09:13:50,70,"Bitcoin Up or Down - January 13, 8:00PM-8:15PM ET",price_change,DOWN,0.001,1713.67,0.001,0.009
2026-01-14 09:13:51,69,"Bitcoin Up or Down - January 13, 8:00PM-8:15PM ET",price_change,UP,0.96,1552.48,0.991,0.999
2026-01-14 09:13:51,69,"Bitcoin Up or Down - January 13, 8:00PM-8:15PM ET",price_change,DOWN,0.001,1707.87,0.001,0.009
2026-01-14 09:13:51,68,"Bitcoin Up or Down - January 13, 8:00PM-8:15PM ET",price_change,UP,0.91,134.76,0.991,0.999
2026-01-14 09:13:52,67,"Bitcoin Up or Down - January 13, 8:00PM-8:15PM ET",price_change,UP,0.99,21353.44,0.991,0.999
2026-01-14 09:13:54,66,"Bitcoin Up or Down - January 13, 8:00PM-8:15PM ET",price_change,UP,0.96,1552.48,0.991,0.999
2026-01-14 09:13:54,65,"Bitcoin Up or Down - January 13, 8:00PM-8:15PM ET",price_change,UP,0.991,2358.07,0.991,0.999
2026-01-14 09:13:55,65,"Bitcoin Up or Down - January 13, 8:00PM-8:15PM ET",price_change,DOWN,0.001,1697.85,0.001,0.009
2026-01-14 09:13:55,64,"Bitcoin Up or Down - January 13, 8:00PM-8:15PM ET",price_change,UP,0.99,21360.52,0.991,0.999
2026-01-14 09:13:56,63,"Bitcoin Up or Down - January 13, 8:00PM-8:15PM ET",price_change,UP,0.7,46.2,0.991,0.999
2026-01-14 09:13:57,62,"Bitcoin Up or Down - January 13, 8:00PM-8:15PM ET",price_change,UP,0.99,21353.44,0.991,0.999
2026-01-14 09:13:58,61,"Bitcoin Up or Down - January 13, 8:00PM-8:15PM ET",price_change,UP,0.991,2343.07,0.991,0.999
2026-01-14 09:13:59,60,"Bitcoin Up or Down - January 13, 8:00PM-8:15PM ET",price_change,UP,0.991,2332.27,0.991,0.999
2026-01-14 09:14:00,60,"Bitcoin Up or Down - January 13, 8:00PM-8:15PM ET",price_change,DOWN,0.001,1687.83,0.001,0.009
2026-01-14 09:14:00,59,"Bitcoin Up or Down - January 13, 8:00PM-8:15PM ET",price_change,UP,0.99,22762.51,0.991,0.999
2026-01-14 09:14:01,58,"Bitcoin Up or Down - January 13, 8:00PM-8:15PM ET",price_change,DOWN,0.001,1507.83,0.001,0.008
2026-01-14 09:14:01,58,"Bitcoin Up or Down - January 13, 8:00PM-8:15PM ET",price_change,UP,0.92,1164.33,0.992,0.999
2026-01-14 09:14:02,57,"Bitcoin Up or Down - January 13, 8:00PM-8:15PM ET",price_change,UP,0.99,24767.51,0.992,0.999
2026-01-14 09:14:03,56,"Bitcoin Up or Down - January 13, 8:00PM-8:15PM ET",price_change,UP,0.98,2906.04,0.992,0.999
2026-01-14 09:14:04,56,"Bitcoin Up or Down - January 13, 8:00PM-8:15PM ET",price_change,DOWN,0.001,1495.34,0.001,0.008
2026-01-14 09:14:04,55,"Bitcoin Up or Down - January 13, 8:00PM-8:15PM ET",price_change,UP,0.99,24672.51,0.992,0.999
2026-01-14 09:14:05,55,"Bitcoin Up or Down - January 13, 8:00PM-8:15PM ET",price_change,DOWN,0.001,1482.85,0.001,0.008
2026-01-14 09:14:05,54,"Bitcoin Up or Down - January 13, 8:00PM-8:15PM ET",price_change,UP,0.99,24672.51,0.992,0.999
2026-01-14 09:14:06,53,"Bitcoin Up or Down - January 13, 8:00PM-8:15PM ET",price_change,UP,0.99,24687.59,0.992,0.999
2026-01-14 09:14:07,52,"Bitcoin Up or Down - January 13, 8:00PM-8:15PM ET",price_change,UP,0.99,24679.59,0.992,0.999
2026-01-14 09:14:08,52,"Bitcoin Up or Down - January 13, 8:00PM-8:15PM ET",price_change,DOWN,0.001,1480.38,0.001,0.008
2026-01-14 09:14:09,51,"Bitcoin Up or Down - January 13, 8:00PM-8:15PM ET",price_change,UP,0.96,1490.29,0.992,0.999
2026-01-14 09:14:09,50,"Bitcoin Up or Down - January 13, 8:00PM-8:15PM ET",price_change,UP,0.99,25781,0.992,0.999
2026-01-14 09:14:10,50,"Bitcoin Up or Down - January 13, 8:00PM-8:15PM ET",price_change,DOWN,0.001,1470.36,0.001,0.008
2026-01-14 09:14:11,49,"Bitcoin Up or Down - January 13, 8:00PM-8:15PM ET",price_change,UP,0.96,1490.29,0.992,0.999
2026-01-14 09:14:12,48,"Bitcoin Up or Down - January 13, 8:00PM-8:15PM ET",price_change,UP,0.96,1490.29,0.992,0.999
2026-01-14 09:14:13,47,"Bitcoin Up or Down - January 13, 8:00PM-8:15PM ET",price_change,UP,0.96,1490.29,0.992,0.999
2026-01-14 09:14:13,46,"Bitcoin Up or Down - January 13, 8:00PM-8:15PM ET",price_change,UP,0.99,25996.08,0.992,0.999
2026-01-14 09:14:14,45,"Bitcoin Up or Down - January 13, 8:00PM-8:15PM ET",price_change,UP,0.99,25989,0.992,0.999
2026-01-14 09:14:15,44,"Bitcoin Up or Down - January 13, 8:00PM-8:15PM ET",price_change,UP,0.99,25988.08,0.992,0.999
2026-01-14 09:14:15,44,"Bitcoin Up or Down - January 13, 8:00PM-8:15PM ET",price_change,DOWN,0.001,1460.34,0.001,0.008
2026-01-14 09:14:16,43,"Bitcoin Up or Down - January 13, 8:00PM-8:15PM ET",price_change,UP,0.99,25988.08,0.992,0.999
2026-01-14 09:14:17,42,"Bitcoin Up or Down - January 13, 8:00PM-8:15PM ET",price_change,UP,0.99,25779.59,0.991,0.999
2026-01-14 09:14:18,41,"Bitcoin Up or Down - January 13, 8:00PM-8:15PM ET",price_change,UP,0.99,25772.51,0.993,0.999
2026-01-14 09:14:19,40,"Bitcoin Up or Down - January 13, 8:00PM-8:15PM ET",price_change,UP,0.92,1192.43,0.993,0.999
2026-01-14 09:14:20,40,"Bitcoin Up or Down - January 13, 8:00PM-8:15PM ET",price_change,DOWN,0.001,1450.32,0.001,0.007
2026-01-14 09:14:20,39,"Bitcoin Up or Down - January 13, 8:00PM-8:15PM ET",price_change,UP,0.99,25784.59,0.993,0.999
2026-01-14 09:14:21,38,"Bitcoin Up or Down - January 13, 8:00PM-8:15PM ET",price_change,UP,0.92,1192.43,0.999,1
2026-01-14 09:14:22,37,"Bitcoin Up or Down - January 13, 8:00PM-8:15PM ET",price_change,UP,0.999,16.04,0.999,1
2026-01-14 09:14:24,36,"Bitcoin Up or Down - January 13, 8:00PM-8:15PM ET",price_change,UP,0.96,1498.29,0.999,1
2026-01-14 09:14:25,35,"Bitcoin Up or Down - January 13, 8:00PM-8:15PM ET",price_change,UP,0.96,1498.29,0.999,1
2026-01-14 09:14:26,34,"Bitcoin Up or Down - January 13, 8:00PM-8:15PM ET",price_change,UP,0.96,1498.29,0.999,1
2026-01-14 09:14:26,33,"Bitcoin Up or Down - January 13, 8:00PM-8:15PM ET",price_change,UP,0.999,50013.58,0.999,1
2026-01-14 09:14:28,32,"Bitcoin Up or Down - January 13, 8:00PM-8:15PM ET",price_change,UP,0.96,1498.29,0.999,1
2026-01-14 09:14:29,31,"Bitcoin Up or Down - January 13, 8:00PM-8:15PM ET",price_change,UP,0.96,1498.29,0.999,1
2026-01-14 09:14:29,30,"Bitcoin Up or Down - January 13, 8:00PM-8:15PM ET",price_change,UP,0.99,25866.51,0.999,1
2026-01-14 09:14:31,29,"Bitcoin Up or Down - January 13, 8:00PM-8:15PM ET",price_change,UP,0.96,1430.49,0.999,1
2026-01-14 09:14:31,28,"Bitcoin Up or Down - January 13, 8:00PM-8:15PM ET",price_change,UP,0.92,1159.03,0.999,1
2026-01-14 09:14:32,27,"Bitcoin Up or Down - January 13, 8:00PM-8:15PM ET",price_change,UP,0.92,1104.03,0.999,1
2026-01-14 09:14:34,26,"Bitcoin Up or Down - January 13, 8:00PM-8:15PM ET",price_change,UP,0.99,24845.71,0.999,1
2026-01-14 09:14:35,25,"Bitcoin Up or Down - January 13, 8:00PM-8:15PM ET",price_change,UP,0.91,89.96,0.999,1
2026-01-14 09:14:35,24,"Bitcoin Up or Down - January 13, 8:00PM-8:15PM ET",price_change,UP,0.89,2050,0.999,1
2026-01-14 09:14:36,23,"Bitcoin Up or Down - January 13, 8:00PM-8:15PM ET",price_change,UP,0.999,50000,0.999,1
2026-01-14 09:14:37,22,"Bitcoin Up or Down - January 13, 8:00PM-8:15PM ET",price_change,UP,0.999,49992.81,0.999,1
2026-01-14 09:14:39,21,"Bitcoin Up or Down - January 13, 8:00PM-8:15PM ET",price_change,UP,0.96,1396.49,0.999,1
2026-01-14 09:14:39,20,"Bitcoin Up or Down - January 13, 8:00PM-8:15PM ET",price_change,UP,0.015,0,0.999,1
2026-01-14 09:14:41,19,"Bitcoin Up or Down - January 13, 8:00PM-8:15PM ET",price_change,UP,0.96,1396.49,0.999,1
2026-01-14 09:14:41,18,"Bitcoin Up or Down - January 13, 8:00PM-8:15PM ET",price_change,UP,0.88,5,0.999,1
2026-01-14 09:14:42,17,"Bitcoin Up or Down - January 13, 8:00PM-8:15PM ET",price_change,UP,0.99,14566.71,0.999,1
2026-01-14 09:14:44,16,"Bitcoin Up or Down - January 13, 8:00PM-8:15PM ET",price_change,UP,0.96,1396.49,0.999,1
2026-01-14 09:14:45,15,"Bitcoin Up or Down - January 13, 8:00PM-8:15PM ET",price_change,UP,0.96,1396.49,0.999,1
2026-01-14 09:14:46,14,"Bitcoin Up or Down - January 13, 8:00PM-8:15PM ET",price_change,UP,0.96,1396.49,0.999,1
2026-01-14 09:14:46,13,"Bitcoin Up or Down - January 13, 8:00PM-8:15PM ET",price_change,UP,0.99,14816.71,0.999,1
2026-01-14 09:14:49,11,"Bitcoin Up or Down - January 13, 8:00PM-8:15PM ET",price_change,UP,0.88,48,0.999,1
2026-01-14 09:14:50,10,"Bitcoin Up or Down - January 13, 8:00PM-8:15PM ET",price_change,UP,0.99,14867.21,0.999,1
2026-01-14 09:14:50,9,"Bitcoin Up or Down - January 13, 8:00PM-8:15PM ET",price_change,UP,0.88,5,0.999,1
2026-01-14 09:14:52,8,"Bitcoin Up or Down - January 13, 8:00PM-8:15PM ET",price_change,UP,0.99,21912.71,0.999,1
2026-01-14 09:14:52,7,"Bitcoin Up or Down - January 13, 8:00PM-8:15PM ET",price_change,UP,0.99,21917.71,0.999,1
2026-01-14 09:14:54,6,"Bitcoin Up or Down - January 13, 8:00PM-8:15PM ET",price_change,UP,0.99,21903.71,0.999,1
2026-01-14 09:14:54,5,"Bitcoin Up or Down - January 13, 8:00PM-8:15PM ET",price_change,UP,0.999,56178.9,0.999,1
2026-01-14 09:14:56,4,"Bitcoin Up or Down - January 13, 8:00PM-8:15PM ET",price_change,UP,0.96,1386.49,0.999,1
2026-01-14 09:14:57,3,"Bitcoin Up or Down - January 13, 8:00PM-8:15PM ET",price_change,UP,0.96,1386.49,0.999,1
2026-01-14 09:14:58,2,"Bitcoin Up or Down - January 13, 8:00PM-8:15PM ET",price_change,UP,0.96,1386.49,0.999,1
2026-01-14 09:14:58,1,"Bitcoin Up or Down - January 13, 8:00PM-8:15PM ET",price_change,UP,0.99,25427.71,0.999,1
2026-01-14 09:15:01,898,"Bitcoin Up or Down - January 13, 8:15PM-8:30PM ET",price_change,DOWN,0.47,225,0.53,0.54
2026-01-14 09:15:01,898,"Bitcoin Up or Down - January 13, 8:15PM-8:30PM ET",price_change,UP,0.46,305.56,0.46,0.47
2026-01-14 09:15:02,897,"Bitcoin Up or Down - January 13, 8:15PM-8:30PM ET",price_change,DOWN,0.53,61.1,0.53,0.54
2026-01-14 09:15:02,897,"Bitcoin Up or Down - January 13, 8:15PM-8:30PM ET",price_change,UP,0.46,252.58,0.46,0.47
2026-01-14 09:15:03,896,"Bitcoin Up or Down - January 13, 8:15PM-8:30PM ET",price_change,DOWN,0.51,1138.98,0.54,0.55
2026-01-14 09:15:03,896,"Bitcoin Up or Down - January 13, 8:15PM-8:30PM ET",price_change,UP,0.43,28.6,0.45,0.46
2026-01-14 09:15:04,895,"Bitcoin Up or Down - January 13, 8:15PM-8:30PM ET",price_change,DOWN,0.52,821.13,0.54,0.56
2026-01-14 09:15:04,895,"Bitcoin Up or Down - January 13, 8:15PM-8:30PM ET",price_change,UP,0.43,414,0.44,0.46
2026-01-14 09:15:05,894,"Bitcoin Up or Down - January 13, 8:15PM-8:30PM ET",price_change,UP,0.46,447.24,0.47,0.48
2026-01-14 09:15:05,894,"Bitcoin Up or Down - January 13, 8:15PM-8:30PM ET",price_change,DOWN,0.48,472.65,0.52,0.53
2026-01-14 09:15:06,893,"Bitcoin Up or Down - January 13, 8:15PM-8:30PM ET",price_change,DOWN,0.01,6733.04,0.52,0.53
2026-01-14 09:15:06,893,"Bitcoin Up or Down - January 13, 8:15PM-8:30PM ET",price_change,UP,0.45,1044.6,0.47,0.48
2026-01-14 09:15:07,892,"Bitcoin Up or Down - January 13, 8:15PM-8:30PM ET",price_change,DOWN,0.02,4572.52,0.52,0.53
2026-01-14 09:15:07,892,"Bitcoin Up or Down - January 13, 8:15PM-8:30PM ET",price_change,UP,0.01,6793.5,0.47,0.48
2026-01-14 09:15:08,891,"Bitcoin Up or Down - January 13, 8:15PM-8:30PM ET",price_change,UP,0.46,346,0.47,0.48
2026-01-14 09:15:08,891,"Bitcoin Up or Down - January 13, 8:15PM-8:30PM ET",price_change,DOWN,0.52,823.41,0.52,0.53
2026-01-14 09:15:09,890,"Bitcoin Up or Down - January 13, 8:15PM-8:30PM ET",price_change,DOWN,0.5,535.79,0.52,0.53
2026-01-14 09:15:09,890,"Bitcoin Up or Down - January 13, 8:15PM-8:30PM ET",price_change,UP,0.47,20.5,0.47,0.48
2026-01-14 09:15:10,889,"Bitcoin Up or Down - January 13, 8:15PM-8:30PM ET",price_change,UP,0.44,1355.07,0.47,0.48
2026-01-14 09:15:10,889,"Bitcoin Up or Down - January 13, 8:15PM-8:30PM ET",price_change,DOWN,0.51,1719.08,0.52,0.53
2026-01-14 09:15:11,888,"Bitcoin Up or Down - January 13, 8:15PM-8:30PM ET",price_change,UP,0.4,736,0.47,0.48
2026-01-14 09:15:11,888,"Bitcoin Up or Down - January 13, 8:15PM-8:30PM ET",price_change,DOWN,0.52,2923.66,0.52,0.53
2026-01-14 09:15:12,887,"Bitcoin Up or Down - January 13, 8:15PM-8:30PM ET",price_change,DOWN,0.51,1609.68,0.53,0.54
2026-01-14 09:15:12,887,"Bitcoin Up or Down - January 13, 8:15PM-8:30PM ET",price_change,UP,0.44,656.17,0.46,0.47
2026-01-14 09:15:13,886,"Bitcoin Up or Down - January 13, 8:15PM-8:30PM ET",price_change,DOWN,0.53,191.15,0.53,0.54
2026-01-14 09:15:13,886,"Bitcoin Up or Down - January 13, 8:15PM-8:30PM ET",price_change,UP,0.45,625.67,0.46,0.47
2026-01-14 09:15:14,885,"Bitcoin Up or Down - January 13, 8:15PM-8:30PM ET",price_change,UP,0.45,450.22,0.45,0.46
2026-01-14 09:15:14,885,"Bitcoin Up or Down - January 13, 8:15PM-8:30PM ET",price_change,DOWN,0.53,1277.88,0.54,0.55
2026-01-14 09:15:15,884,"Bitcoin Up or Down - January 13, 8:15PM-8:30PM ET",price_change,DOWN,0.42,390,0.54,0.55
2026-01-14 09:15:15,884,"Bitcoin Up or Down - January 13, 8:15PM-8:30PM ET",price_change,UP,0.35,383,0.45,0.46
2026-01-14 09:15:16,883,"Bitcoin Up or Down - January 13, 8:15PM-8:30PM ET",price_change,DOWN,0.54,281,0.54,0.55
2026-01-14 09:15:16,883,"Bitcoin Up or Down - January 13, 8:15PM-8:30PM ET",price_change,UP,0.45,451.22,0.45,0.46
2026-01-14 09:15:17,882,"Bitcoin Up or Down - January 13, 8:15PM-8:30PM ET",price_change,UP,0.35,375,0.45,0.46
2026-01-14 09:15:17,882,"Bitcoin Up or Down - January 13, 8:15PM-8:30PM ET",price_change,DOWN,0.54,0,0.53,0.54
2026-01-14 09:15:18,881,"Bitcoin Up or Down - January 13, 8:15PM-8:30PM ET",price_change,UP,0.46,130.4,0.46,0.47
2026-01-14 09:15:18,881,"Bitcoin Up or Down - January 13, 8:15PM-8:30PM ET",price_change,DOWN,0.5,734.44,0.53,0.54
2026-01-14 09:15:19,880,"Bitcoin Up or Down - January 13, 8:15PM-8:30PM ET",price_change,DOWN,0.41,375,0.52,0.53
2026-01-14 09:15:19,880,"Bitcoin Up or Down - January 13, 8:15PM-8:30PM ET",price_change,UP,0.38,401,0.47,0.48
2026-01-14 09:15:20,879,"Bitcoin Up or Down - January 13, 8:15PM-8:30PM ET",price_change,DOWN,0.4,677.7,0.52,0.53
2026-01-14 09:15:20,879,"Bitcoin Up or Down - January 13, 8:15PM-8:30PM ET",price_change,UP,0.46,669.5,0.47,0.48
2026-01-14 09:15:21,878,"Bitcoin Up or Down - January 13, 8:15PM-8:30PM ET",price_change,UP,0.47,1181.94,0.47,0.48
2026-01-14 09:15:21,878,"Bitcoin Up or Down - January 13, 8:15PM-8:30PM ET",price_change,DOWN,0.33,6039,0.52,0.53
2026-01-14 09:15:22,877,"Bitcoin Up or Down - January 13, 8:15PM-8:30PM ET",price_change,UP,0.47,1543.5,0.47,0.48
2026-01-14 09:15:22,877,"Bitcoin Up or Down - January 13, 8:15PM-8:30PM ET",price_change,DOWN,0.4,667.7,0.52,0.53
2026-01-14 09:15:23,876,"Bitcoin Up or Down - January 13, 8:15PM-8:30PM ET",price_change,UP,0.41,599.84,0.47,0.48
2026-01-14 09:15:23,876,"Bitcoin Up or Down - January 13, 8:15PM-8:30PM ET",price_change,DOWN,0.47,612,0.52,0.53
