timestamp,left (real time),event,event_type,buy_pick,buy_price,buy_size,buy_best_bid,buy_best_ask
2026-01-14 13:38:15,405,"Bitcoin Up or Down - January 14, 12:30AM-12:45AM ET",price_change,UP,0.82,952,0.91,0.92
2026-01-14 13:38:15,404,"Bitcoin Up or Down - January 14, 12:30AM-12:45AM ET",price_change,UP,0.91,3302.59,0.91,0.92
2026-01-14 13:38:15,404,"Bitcoin Up or Down - January 14, 12:30AM-12:45AM ET",price_change,DOWN,0.01,116442.3,0.08,0.09
2026-01-14 13:38:16,403,"Bitcoin Up or Down - January 14, 12:30AM-12:45AM ET",price_change,UP,0.82,952,0.91,0.92
2026-01-14 13:38:16,403,"Bitcoin Up or Down - January 14, 12:30AM-12:45AM ET",price_change,DOWN,0.03,135851.32,0.08,0.09
2026-01-14 13:38:17,402,"Bitcoin Up or Down - January 14, 12:30AM-12:45AM ET",price_change,DOWN,0.08,2233.3,0.08,0.09
2026-01-14 13:38:17,402,"Bitcoin Up or Down - January 14, 12:30AM-12:45AM ET",price_change,UP,0.91,2984.35,0.91,0.92
2026-01-14 13:38:18,401,"Bitcoin Up or Down - January 14, 12:30AM-12:45AM ET",price_change,UP,0.91,2972.13,0.91,0.92
2026-01-14 13:38:18,401,"Bitcoin Up or Down - January 14, 12:30AM-12:45AM ET",price_change,DOWN,0.02,115829.39,0.08,0.09
2026-01-14 13:38:19,400,"Bitcoin Up or Down - January 14, 12:30AM-12:45AM ET",price_change,DOWN,0.08,1777.74,0.08,0.09
2026-01-14 13:38:19,400,"Bitcoin Up or Down - January 14, 12:30AM-12:45AM ET",price_change,UP,0.91,3007.13,0.91,0.92
2026-01-14 13:38:20,399,"Bitcoin Up or Down - January 14, 12:30AM-12:45AM ET",price_change,UP,0.9,2530.52,0.91,0.92
2026-01-14 13:38:20,399,"Bitcoin Up or Down - January 14, 12:30AM-12:45AM ET",price_change,DOWN,0.02,115834.39,0.08,0.09
2026-01-14 13:38:21,398,"Bitcoin Up or Down - January 14, 12:30AM-12:45AM ET",price_change,UP,0.91,2757.2,0.91,0.92
2026-01-14 13:38:21,398,"Bitcoin Up or Down - January 14, 12:30AM-12:45AM ET",price_change,DOWN,0.08,198.5,0.08,0.09
2026-01-14 13:38:22,397,"Bitcoin Up or Down - January 14, 12:30AM-12:45AM ET",price_change,DOWN,0.06,153.2,0.06,0.07
2026-01-14 13:38:22,397,"Bitcoin Up or Down - January 14, 12:30AM-12:45AM ET",price_change,UP,0.91,2370.88,0.93,0.94
2026-01-14 13:38:23,396,"Bitcoin Up or Down - January 14, 12:30AM-12:45AM ET",price_change,UP,0.92,253.47,0.93,0.94
2026-01-14 13:38:23,396,"Bitcoin Up or Down - January 14, 12:30AM-12:45AM ET",price_change,DOWN,0.05,1226.48,0.06,0.07
2026-01-14 13:38:24,395,"Bitcoin Up or Down - January 14, 12:30AM-12:45AM ET",price_change,DOWN,0.01,116504.3,0.06,0.07
2026-01-14 13:38:24,395,"Bitcoin Up or Down - January 14, 12:30AM-12:45AM ET",price_change,UP,0.93,1580.87,0.93,0.94
2026-01-14 13:38:25,394,"Bitcoin Up or Down - January 14, 12:30AM-12:45AM ET",price_change,UP,0.89,2052.92,0.93,0.94
2026-01-14 13:38:25,394,"Bitcoin Up or Down - January 14, 12:30AM-12:45AM ET",price_change,DOWN,0.06,227.12,0.06,0.07
2026-01-14 13:38:26,393,"Bitcoin Up or Down - January 14, 12:30AM-12:45AM ET",price_change,DOWN,0.01,116629.22,0.06,0.07
2026-01-14 13:38:26,393,"Bitcoin Up or Down - January 14, 12:30AM-12:45AM ET",price_change,UP,0.66,1004.7,0.93,0.94
2026-01-14 13:38:27,392,"Bitcoin Up or Down - January 14, 12:30AM-12:45AM ET",price_change,UP,0.83,962.49,0.93,0.94
2026-01-14 13:38:27,392,"Bitcoin Up or Down - January 14, 12:30AM-12:45AM ET",price_change,DOWN,0.01,116639.22,0.06,0.07
2026-01-14 13:38:28,391,"Bitcoin Up or Down - January 14, 12:30AM-12:45AM ET",price_change,UP,0.91,1603.88,0.93,0.94
2026-01-14 13:38:28,391,"Bitcoin Up or Down - January 14, 12:30AM-12:45AM ET",price_change,DOWN,0.04,6676.06,0.06,0.07
2026-01-14 13:38:29,390,"Bitcoin Up or Down - January 14, 12:30AM-12:45AM ET",price_change,DOWN,0.06,64.22,0.06,0.07
2026-01-14 13:38:29,390,"Bitcoin Up or Down - January 14, 12:30AM-12:45AM ET",price_change,UP,0.83,962.49,0.93,0.94
2026-01-14 13:38:30,389,"Bitcoin Up or Down - January 14, 12:30AM-12:45AM ET",price_change,DOWN,0.06,96.09,0.06,0.07
2026-01-14 13:38:30,389,"Bitcoin Up or Down - January 14, 12:30AM-12:45AM ET",price_change,UP,0.89,2059.92,0.93,0.94
2026-01-14 13:38:31,388,"Bitcoin Up or Down - January 14, 12:30AM-12:45AM ET",price_change,DOWN,0.05,1361.98,0.06,0.07
2026-01-14 13:38:31,388,"Bitcoin Up or Down - January 14, 12:30AM-12:45AM ET",price_change,UP,0.92,2285.35,0.93,0.94
2026-01-14 13:38:32,387,"Bitcoin Up or Down - January 14, 12:30AM-12:45AM ET",price_change,UP,0.81,1156.04,0.93,0.94
2026-01-14 13:38:32,387,"Bitcoin Up or Down - January 14, 12:30AM-12:45AM ET",price_change,DOWN,0.01,116591.3,0.06,0.07
2026-01-14 13:38:33,386,"Bitcoin Up or Down - January 14, 12:30AM-12:45AM ET",price_change,DOWN,0.06,0,0.05,0.07
2026-01-14 13:38:33,385,"Bitcoin Up or Down - January 14, 12:30AM-12:45AM ET",price_change,DOWN,0.03,137005.94,0.05,0.07
2026-01-14 13:38:33,385,"Bitcoin Up or Down - January 14, 12:30AM-12:45AM ET",price_change,UP,0.89,1973,0.93,0.95
2026-01-14 13:38:33,384,"Bitcoin Up or Down - January 14, 12:30AM-12:45AM ET",price_change,DOWN,0.03,136982.94,0.05,0.06
2026-01-14 13:38:33,384,"Bitcoin Up or Down - January 14, 12:30AM-12:45AM ET",price_change,UP,0.92,2341.87,0.94,0.95
2026-01-14 13:38:36,383,"Bitcoin Up or Down - January 14, 12:30AM-12:45AM ET",price_change,DOWN,0.01,116669.22,0.05,0.06
2026-01-14 13:38:36,383,"Bitcoin Up or Down - January 14, 12:30AM-12:45AM ET",price_change,UP,0.8,1000.57,0.94,0.95
2026-01-14 13:38:37,382,"Bitcoin Up or Down - January 14, 12:30AM-12:45AM ET",price_change,DOWN,0.05,611.85,0.05,0.06
2026-01-14 13:38:37,382,"Bitcoin Up or Down - January 14, 12:30AM-12:45AM ET",price_change,UP,0.42,982.66,0.94,0.95
2026-01-14 13:38:38,381,"Bitcoin Up or Down - January 14, 12:30AM-12:45AM ET",price_change,UP,0.83,972.49,0.94,0.95
2026-01-14 13:38:38,381,"Bitcoin Up or Down - January 14, 12:30AM-12:45AM ET",price_change,DOWN,0.01,116663.22,0.05,0.06
2026-01-14 13:38:39,380,"Bitcoin Up or Down - January 14, 12:30AM-12:45AM ET",price_change,DOWN,0.05,649.09,0.05,0.06
2026-01-14 13:38:39,380,"Bitcoin Up or Down - January 14, 12:30AM-12:45AM ET",price_change,UP,0.94,1697.06,0.94,0.95
2026-01-14 13:38:40,379,"Bitcoin Up or Down - January 14, 12:30AM-12:45AM ET",price_change,UP,0.92,2323.98,0.94,0.95
2026-01-14 13:38:40,379,"Bitcoin Up or Down - January 14, 12:30AM-12:45AM ET",price_change,DOWN,0.01,116697.22,0.05,0.06
2026-01-14 13:38:41,378,"Bitcoin Up or Down - January 14, 12:30AM-12:45AM ET",price_change,DOWN,0.03,136927.77,0.05,0.06
2026-01-14 13:38:41,378,"Bitcoin Up or Down - January 14, 12:30AM-12:45AM ET",price_change,UP,0.66,994.7,0.94,0.95
2026-01-14 13:38:42,377,"Bitcoin Up or Down - January 14, 12:30AM-12:45AM ET",price_change,DOWN,0.03,136951.51,0.05,0.06
2026-01-14 13:38:42,377,"Bitcoin Up or Down - January 14, 12:30AM-12:45AM ET",price_change,UP,0.78,2521.5,0.94,0.95
2026-01-14 13:38:43,376,"Bitcoin Up or Down - January 14, 12:30AM-12:45AM ET",price_change,DOWN,0.05,587.44,0.05,0.06
2026-01-14 13:38:43,376,"Bitcoin Up or Down - January 14, 12:30AM-12:45AM ET",price_change,UP,0.93,1164.52,0.94,0.95
2026-01-14 13:38:44,375,"Bitcoin Up or Down - January 14, 12:30AM-12:45AM ET",price_change,DOWN,0.01,116645.22,0.05,0.06
2026-01-14 13:38:44,375,"Bitcoin Up or Down - January 14, 12:30AM-12:45AM ET",price_change,UP,0.9,2545.44,0.94,0.95
2026-01-14 13:38:45,374,"Bitcoin Up or Down - January 14, 12:30AM-12:45AM ET",price_change,DOWN,0.05,626.78,0.05,0.06
2026-01-14 13:38:45,374,"Bitcoin Up or Down - January 14, 12:30AM-12:45AM ET",price_change,UP,0.94,1970.84,0.94,0.95
2026-01-14 13:38:46,373,"Bitcoin Up or Down - January 14, 12:30AM-12:45AM ET",price_change,UP,0.66,994.7,0.94,0.95
2026-01-14 13:38:46,373,"Bitcoin Up or Down - January 14, 12:30AM-12:45AM ET",price_change,DOWN,0.03,137218.67,0.05,0.06
2026-01-14 13:38:47,372,"Bitcoin Up or Down - January 14, 12:30AM-12:45AM ET",price_change,DOWN,0.04,1732.86,0.05,0.06
2026-01-14 13:38:47,372,"Bitcoin Up or Down - January 14, 12:30AM-12:45AM ET",price_change,UP,0.9,2535.44,0.94,0.95
2026-01-14 13:38:48,371,"Bitcoin Up or Down - January 14, 12:30AM-12:45AM ET",price_change,UP,0.93,1186.02,0.94,0.95
2026-01-14 13:38:48,371,"Bitcoin Up or Down - January 14, 12:30AM-12:45AM ET",price_change,DOWN,0.04,1254.86,0.05,0.06
2026-01-14 13:38:49,370,"Bitcoin Up or Down - January 14, 12:30AM-12:45AM ET",price_change,UP,0.83,972.49,0.94,0.95
2026-01-14 13:38:49,370,"Bitcoin Up or Down - January 14, 12:30AM-12:45AM ET",price_change,DOWN,0.03,137874.33,0.05,0.06
2026-01-14 13:38:50,369,"Bitcoin Up or Down - January 14, 12:30AM-12:45AM ET",price_change,DOWN,0.01,116667.22,0.05,0.06
2026-01-14 13:38:50,369,"Bitcoin Up or Down - January 14, 12:30AM-12:45AM ET",price_change,UP,0.83,962.49,0.94,0.95
2026-01-14 13:38:51,368,"Bitcoin Up or Down - January 14, 12:30AM-12:45AM ET",price_change,DOWN,0.03,137890.75,0.05,0.06
2026-01-14 13:38:51,368,"Bitcoin Up or Down - January 14, 12:30AM-12:45AM ET",price_change,UP,0.66,1004.7,0.94,0.95
2026-01-14 13:38:52,367,"Bitcoin Up or Down - January 14, 12:30AM-12:45AM ET",price_change,DOWN,0.01,116567.22,0.05,0.06
2026-01-14 13:38:52,367,"Bitcoin Up or Down - January 14, 12:30AM-12:45AM ET",price_change,UP,0.89,2044.92,0.94,0.95
2026-01-14 13:38:53,366,"Bitcoin Up or Down - January 14, 12:30AM-12:45AM ET",price_change,DOWN,0.05,71.1,0.05,0.06
2026-01-14 13:38:53,366,"Bitcoin Up or Down - January 14, 12:30AM-12:45AM ET",price_change,UP,0.92,1614.43,0.94,0.96
2026-01-14 13:38:54,365,"Bitcoin Up or Down - January 14, 12:30AM-12:45AM ET",price_change,UP,0.95,80.83,0.95,0.96
2026-01-14 13:38:54,365,"Bitcoin Up or Down - January 14, 12:30AM-12:45AM ET",price_change,DOWN,0.01,116662.22,0.04,0.05
2026-01-14 13:38:55,364,"Bitcoin Up or Down - January 14, 12:30AM-12:45AM ET",price_change,DOWN,0.04,1512.6,0.04,0.06
2026-01-14 13:38:55,364,"Bitcoin Up or Down - January 14, 12:30AM-12:45AM ET",price_change,UP,0.93,1822.6,0.94,0.96
2026-01-14 13:38:56,363,"Bitcoin Up or Down - January 14, 12:30AM-12:45AM ET",price_change,DOWN,0.05,0,0.04,0.06
2026-01-14 13:38:56,363,"Bitcoin Up or Down - January 14, 12:30AM-12:45AM ET",price_change,UP,0.94,1564.12,0.94,0.95
2026-01-14 13:38:57,362,"Bitcoin Up or Down - January 14, 12:30AM-12:45AM ET",price_change,UP,0.94,1560.62,0.94,0.95
2026-01-14 13:38:57,362,"Bitcoin Up or Down - January 14, 12:30AM-12:45AM ET",price_change,DOWN,0.02,116755.34,0.05,0.06
2026-01-14 13:38:58,361,"Bitcoin Up or Down - January 14, 12:30AM-12:45AM ET",price_change,DOWN,0.03,137735.41,0.04,0.05
2026-01-14 13:38:58,361,"Bitcoin Up or Down - January 14, 12:30AM-12:45AM ET",price_change,UP,0.92,1691.72,0.95,0.96
2026-01-14 13:38:59,360,"Bitcoin Up or Down - January 14, 12:30AM-12:45AM ET",price_change,DOWN,0.04,1574.21,0.05,0.06
2026-01-14 13:38:59,360,"Bitcoin Up or Down - January 14, 12:30AM-12:45AM ET",price_change,UP,0.94,1524.09,0.94,0.95
2026-01-14 13:39:00,359,"Bitcoin Up or Down - January 14, 12:30AM-12:45AM ET",price_change,UP,0.93,1715.37,0.94,0.95
2026-01-14 13:39:00,359,"Bitcoin Up or Down - January 14, 12:30AM-12:45AM ET",price_change,DOWN,0.02,116800.34,0.05,0.06
2026-01-14 13:39:01,358,"Bitcoin Up or Down - January 14, 12:30AM-12:45AM ET",price_change,DOWN,0.05,89.54,0.05,0.06
2026-01-14 13:39:01,358,"Bitcoin Up or Down - January 14, 12:30AM-12:45AM ET",price_change,UP,0.92,1375.32,0.94,0.95
2026-01-14 13:39:02,357,"Bitcoin Up or Down - January 14, 12:30AM-12:45AM ET",price_change,DOWN,0.04,1479.59,0.04,0.05
2026-01-14 13:39:02,357,"Bitcoin Up or Down - January 14, 12:30AM-12:45AM ET",price_change,UP,0.84,1027.33,0.95,0.96
2026-01-14 13:39:03,356,"Bitcoin Up or Down - January 14, 12:30AM-12:45AM ET",price_change,DOWN,0.03,137011.56,0.04,0.05
2026-01-14 13:39:03,356,"Bitcoin Up or Down - January 14, 12:30AM-12:45AM ET",price_change,UP,0.92,1372.72,0.95,0.96
2026-01-14 13:39:04,355,"Bitcoin Up or Down - January 14, 12:30AM-12:45AM ET",price_change,DOWN,0.01,116562.22,0.04,0.05
2026-01-14 13:39:04,355,"Bitcoin Up or Down - January 14, 12:30AM-12:45AM ET",price_change,UP,0.95,703.25,0.95,0.96
2026-01-14 13:39:05,354,"Bitcoin Up or Down - January 14, 12:30AM-12:45AM ET",price_change,DOWN,0.03,137056.48,0.04,0.05
2026-01-14 13:39:05,354,"Bitcoin Up or Down - January 14, 12:30AM-12:45AM ET",price_change,UP,0.95,199,0.95,0.96
2026-01-14 13:39:06,353,"Bitcoin Up or Down - January 14, 12:30AM-12:45AM ET",price_change,UP,0.01,15045.19,0.95,0.96
2026-01-14 13:39:06,353,"Bitcoin Up or Down - January 14, 12:30AM-12:45AM ET",price_change,DOWN,0.03,136986.48,0.04,0.05
2026-01-14 13:39:07,352,"Bitcoin Up or Down - January 14, 12:30AM-12:45AM ET",price_change,UP,0.95,89.18,0.95,0.96
2026-01-14 13:39:07,352,"Bitcoin Up or Down - January 14, 12:30AM-12:45AM ET",price_change,DOWN,0.04,785.34,0.04,0.05
2026-01-14 13:39:08,351,"Bitcoin Up or Down - January 14, 12:30AM-12:45AM ET",price_change,DOWN,0.03,136882.9,0.05,0.06
2026-01-14 13:39:08,351,"Bitcoin Up or Down - January 14, 12:30AM-12:45AM ET",price_change,UP,0.91,1458.19,0.94,0.95
2026-01-14 13:39:09,350,"Bitcoin Up or Down - January 14, 12:30AM-12:45AM ET",price_change,DOWN,0.03,136774.56,0.05,0.06
2026-01-14 13:39:09,350,"Bitcoin Up or Down - January 14, 12:30AM-12:45AM ET",price_change,UP,0.91,1519.19,0.94,0.95
2026-01-14 13:39:10,349,"Bitcoin Up or Down - January 14, 12:30AM-12:45AM ET",price_change,DOWN,0.04,1395.26,0.05,0.06
2026-01-14 13:39:10,349,"Bitcoin Up or Down - January 14, 12:30AM-12:45AM ET",price_change,UP,0.94,1244.39,0.94,0.95
2026-01-14 13:39:11,348,"Bitcoin Up or Down - January 14, 12:30AM-12:45AM ET",price_change,UP,0.82,959.5,0.94,0.95
2026-01-14 13:39:11,348,"Bitcoin Up or Down - January 14, 12:30AM-12:45AM ET",price_change,DOWN,0.04,1373.26,0.05,0.06
2026-01-14 13:39:12,347,"Bitcoin Up or Down - January 14, 12:30AM-12:45AM ET",price_change,DOWN,0.03,136999.56,0.05,0.06
2026-01-14 13:39:12,347,"Bitcoin Up or Down - January 14, 12:30AM-12:45AM ET",price_change,UP,0.82,959.5,0.94,0.95
2026-01-14 13:39:12,346,"Bitcoin Up or Down - January 14, 12:30AM-12:45AM ET",price_change,UP,0.82,969.5,0.94,0.95
2026-01-14 13:39:12,346,"Bitcoin Up or Down - January 14, 12:30AM-12:45AM ET",price_change,DOWN,0.04,1367.26,0.05,0.06
2026-01-14 13:39:14,345,"Bitcoin Up or Down - January 14, 12:30AM-12:45AM ET",price_change,UP,0.8,1061.03,0.94,0.95
2026-01-14 13:39:14,345,"Bitcoin Up or Down - January 14, 12:30AM-12:45AM ET",price_change,DOWN,0.03,136697.48,0.05,0.06
2026-01-14 13:39:15,344,"Bitcoin Up or Down - January 14, 12:30AM-12:45AM ET",price_change,DOWN,0.06,66,0.06,0.07
2026-01-14 13:39:15,344,"Bitcoin Up or Down - January 14, 12:30AM-12:45AM ET",price_change,UP,0.66,994.7,0.93,0.94
2026-01-14 13:39:16,343,"Bitcoin Up or Down - January 14, 12:30AM-12:45AM ET",price_change,UP,0.91,2046.7,0.93,0.94
2026-01-14 13:39:16,343,"Bitcoin Up or Down - January 14, 12:30AM-12:45AM ET",price_change,DOWN,0.02,115678.97,0.06,0.07
2026-01-14 13:39:17,342,"Bitcoin Up or Down - January 14, 12:30AM-12:45AM ET",price_change,DOWN,0.05,1499.18,0.06,0.07
2026-01-14 13:39:17,342,"Bitcoin Up or Down - January 14, 12:30AM-12:45AM ET",price_change,UP,0.91,1793,0.93,0.94
2026-01-14 13:39:18,341,"Bitcoin Up or Down - January 14, 12:30AM-12:45AM ET",price_change,UP,0.93,188.61,0.93,0.94
2026-01-14 13:39:18,341,"Bitcoin Up or Down - January 14, 12:30AM-12:45AM ET",price_change,DOWN,0.06,1116.42,0.06,0.07
2026-01-14 13:39:19,340,"Bitcoin Up or Down - January 14, 12:30AM-12:45AM ET",price_change,DOWN,0.03,136604.7,0.06,0.07
2026-01-14 13:39:19,340,"Bitcoin Up or Down - January 14, 12:30AM-12:45AM ET",price_change,UP,0.79,977.5,0.93,0.94
2026-01-14 13:39:20,339,"Bitcoin Up or Down - January 14, 12:30AM-12:45AM ET",price_change,DOWN,0.02,115704.97,0.06,0.07
2026-01-14 13:39:20,339,"Bitcoin Up or Down - January 14, 12:30AM-12:45AM ET",price_change,UP,0.88,2167.91,0.93,0.94
2026-01-14 13:39:21,338,"Bitcoin Up or Down - January 14, 12:30AM-12:45AM ET",price_change,DOWN,0.02,115679.97,0.06,0.07
2026-01-14 13:39:21,338,"Bitcoin Up or Down - January 14, 12:30AM-12:45AM ET",price_change,UP,0.79,977.5,0.93,0.94
2026-01-14 13:39:22,337,"Bitcoin Up or Down - January 14, 12:30AM-12:45AM ET",price_change,UP,0.79,962.5,0.93,0.94
2026-01-14 13:39:22,337,"Bitcoin Up or Down - January 14, 12:30AM-12:45AM ET",price_change,DOWN,0.06,1091.53,0.06,0.07
2026-01-14 13:39:23,336,"Bitcoin Up or Down - January 14, 12:30AM-12:45AM ET",price_change,UP,0.92,670.74,0.92,0.93
2026-01-14 13:39:23,336,"Bitcoin Up or Down - January 14, 12:30AM-12:45AM ET",price_change,DOWN,0.06,1331.61,0.07,0.08
2026-01-14 13:39:24,335,"Bitcoin Up or Down - January 14, 12:30AM-12:45AM ET",price_change,UP,0.92,623.74,0.92,0.93
2026-01-14 13:39:24,335,"Bitcoin Up or Down - January 14, 12:30AM-12:45AM ET",price_change,DOWN,0.04,2735.8,0.07,0.08
2026-01-14 13:39:25,334,"Bitcoin Up or Down - January 14, 12:30AM-12:45AM ET",price_change,DOWN,0.06,1304.61,0.07,0.08
2026-01-14 13:39:25,334,"Bitcoin Up or Down - January 14, 12:30AM-12:45AM ET",price_change,UP,0.92,648.49,0.92,0.93
2026-01-14 13:39:26,333,"Bitcoin Up or Down - January 14, 12:30AM-12:45AM ET",price_change,UP,0.92,356.25,0.92,0.93
2026-01-14 13:39:26,333,"Bitcoin Up or Down - January 14, 12:30AM-12:45AM ET",price_change,DOWN,0.06,1272.61,0.07,0.08
2026-01-14 13:39:27,332,"Bitcoin Up or Down - January 14, 12:30AM-12:45AM ET",price_change,UP,0.91,480.2,0.91,0.92
2026-01-14 13:39:27,332,"Bitcoin Up or Down - January 14, 12:30AM-12:45AM ET",price_change,DOWN,0.08,603.96,0.08,0.09
2026-01-14 13:39:28,331,"Bitcoin Up or Down - January 14, 12:30AM-12:45AM ET",price_change,UP,0.87,336.82,0.87,0.88
2026-01-14 13:39:28,331,"Bitcoin Up or Down - January 14, 12:30AM-12:45AM ET",price_change,DOWN,0.1,344.43,0.12,0.13
2026-01-14 13:39:29,330,"Bitcoin Up or Down - January 14, 12:30AM-12:45AM ET",price_change,UP,0.89,501.31,0.9,0.91
2026-01-14 13:39:29,330,"Bitcoin Up or Down - January 14, 12:30AM-12:45AM ET",price_change,DOWN,0.09,813.6,0.09,0.1
2026-01-14 13:39:30,329,"Bitcoin Up or Down - January 14, 12:30AM-12:45AM ET",price_change,DOWN,0.09,1272.74,0.09,0.1
2026-01-14 13:39:30,329,"Bitcoin Up or Down - January 14, 12:30AM-12:45AM ET",price_change,UP,0.88,592.43,0.9,0.91
2026-01-14 13:39:31,328,"Bitcoin Up or Down - January 14, 12:30AM-12:45AM ET",price_change,UP,0.73,2332.68,0.9,0.91
2026-01-14 13:39:31,328,"Bitcoin Up or Down - January 14, 12:30AM-12:45AM ET",price_change,DOWN,0.05,2098.65,0.09,0.1
2026-01-14 13:39:32,327,"Bitcoin Up or Down - January 14, 12:30AM-12:45AM ET",price_change,UP,0.91,177.15,0.91,0.92
2026-01-14 13:39:32,327,"Bitcoin Up or Down - January 14, 12:30AM-12:45AM ET",price_change,DOWN,0.05,2070.57,0.08,0.09
2026-01-14 13:39:33,326,"Bitcoin Up or Down - January 14, 12:30AM-12:45AM ET",price_change,UP,0.9,1702.38,0.91,0.92
2026-01-14 13:39:33,326,"Bitcoin Up or Down - January 14, 12:30AM-12:45AM ET",price_change,DOWN,0.08,309,0.08,0.09
2026-01-14 13:39:34,325,"Bitcoin Up or Down - January 14, 12:30AM-12:45AM ET",price_change,DOWN,0.02,114627.97,0.08,0.09
2026-01-14 13:39:34,325,"Bitcoin Up or Down - January 14, 12:30AM-12:45AM ET",price_change,UP,0.65,977,0.91,0.92
2026-01-14 13:39:35,324,"Bitcoin Up or Down - January 14, 12:30AM-12:45AM ET",price_change,UP,0.9,2013.64,0.9,0.91
2026-01-14 13:39:35,324,"Bitcoin Up or Down - January 14, 12:30AM-12:45AM ET",price_change,DOWN,0.09,7.82,0.09,0.1
2026-01-14 13:39:36,323,"Bitcoin Up or Down - January 14, 12:30AM-12:45AM ET",price_change,UP,0.91,649.79,0.91,0.92
2026-01-14 13:39:36,323,"Bitcoin Up or Down - January 14, 12:30AM-12:45AM ET",price_change,DOWN,0.08,306.23,0.08,0.09
2026-01-14 13:39:37,322,"Bitcoin Up or Down - January 14, 12:30AM-12:45AM ET",price_change,DOWN,0.02,114521.05,0.08,0.09
2026-01-14 13:39:37,322,"Bitcoin Up or Down - January 14, 12:30AM-12:45AM ET",price_change,UP,0.9,646.92,0.91,0.92
2026-01-14 13:39:38,321,"Bitcoin Up or Down - January 14, 12:30AM-12:45AM ET",price_change,DOWN,0.04,2433.05,0.09,0.1
2026-01-14 13:39:38,321,"Bitcoin Up or Down - January 14, 12:30AM-12:45AM ET",price_change,UP,0.65,977,0.9,0.91
2026-01-14 13:39:39,320,"Bitcoin Up or Down - January 14, 12:30AM-12:45AM ET",price_change,DOWN,0.07,2284.29,0.08,0.09
2026-01-14 13:39:39,320,"Bitcoin Up or Down - January 14, 12:30AM-12:45AM ET",price_change,UP,0.89,1186.4,0.91,0.92
2026-01-14 13:39:40,319,"Bitcoin Up or Down - January 14, 12:30AM-12:45AM ET",price_change,DOWN,0.07,2408.79,0.08,0.09
2026-01-14 13:39:40,319,"Bitcoin Up or Down - January 14, 12:30AM-12:45AM ET",price_change,UP,0.9,1360.77,0.91,0.92
2026-01-14 13:39:41,318,"Bitcoin Up or Down - January 14, 12:30AM-12:45AM ET",price_change,UP,0.91,671.04,0.91,0.92
2026-01-14 13:39:41,318,"Bitcoin Up or Down - January 14, 12:30AM-12:45AM ET",price_change,DOWN,0.06,1437.2,0.08,0.09
2026-01-14 13:39:42,317,"Bitcoin Up or Down - January 14, 12:30AM-12:45AM ET",price_change,DOWN,0.07,2031.29,0.07,0.08
2026-01-14 13:39:42,317,"Bitcoin Up or Down - January 14, 12:30AM-12:45AM ET",price_change,UP,0.91,609.04,0.92,0.93
2026-01-14 13:39:43,316,"Bitcoin Up or Down - January 14, 12:30AM-12:45AM ET",price_change,UP,0.65,977,0.92,0.93
2026-01-14 13:39:43,316,"Bitcoin Up or Down - January 14, 12:30AM-12:45AM ET",price_change,DOWN,0.01,116673.51,0.07,0.08
2026-01-14 13:39:44,315,"Bitcoin Up or Down - January 14, 12:30AM-12:45AM ET",price_change,UP,0.89,911,0.92,0.93
2026-01-14 13:39:44,315,"Bitcoin Up or Down - January 14, 12:30AM-12:45AM ET",price_change,DOWN,0.02,114521.05,0.07,0.08
2026-01-14 13:39:45,314,"Bitcoin Up or Down - January 14, 12:30AM-12:45AM ET",price_change,DOWN,0.07,1738.13,0.07,0.08
2026-01-14 13:39:45,314,"Bitcoin Up or Down - January 14, 12:30AM-12:45AM ET",price_change,UP,0.92,92.15,0.92,0.93
2026-01-14 13:39:46,313,"Bitcoin Up or Down - January 14, 12:30AM-12:45AM ET",price_change,DOWN,0.02,114521.05,0.07,0.09
2026-01-14 13:39:46,313,"Bitcoin Up or Down - January 14, 12:30AM-12:45AM ET",price_change,UP,0.89,1084.83,0.91,0.93
2026-01-14 13:39:47,312,"Bitcoin Up or Down - January 14, 12:30AM-12:45AM ET",price_change,DOWN,0.06,1330.64,0.07,0.09
2026-01-14 13:39:47,312,"Bitcoin Up or Down - January 14, 12:30AM-12:45AM ET",price_change,UP,0.92,5,0.92,0.93
2026-01-14 13:39:48,311,"Bitcoin Up or Down - January 14, 12:30AM-12:45AM ET",price_change,UP,0.9,1243.82,0.92,0.93
2026-01-14 13:39:48,311,"Bitcoin Up or Down - January 14, 12:30AM-12:45AM ET",price_change,DOWN,0.04,2148.77,0.07,0.08
2026-01-14 13:39:49,310,"Bitcoin Up or Down - January 14, 12:30AM-12:45AM ET",price_change,UP,0.92,140,0.92,0.93
2026-01-14 13:39:49,310,"Bitcoin Up or Down - January 14, 12:30AM-12:45AM ET",price_change,DOWN,0.04,2131.77,0.07,0.08
2026-01-14 13:39:50,309,"Bitcoin Up or Down - January 14, 12:30AM-12:45AM ET",price_change,DOWN,0.03,135868.97,0.07,0.08
2026-01-14 13:39:50,309,"Bitcoin Up or Down - January 14, 12:30AM-12:45AM ET",price_change,UP,0.79,957,0.92,0.93
2026-01-14 13:39:51,308,"Bitcoin Up or Down - January 14, 12:30AM-12:45AM ET",price_change,DOWN,0.02,114627.97,0.07,0.08
2026-01-14 13:39:51,308,"Bitcoin Up or Down - January 14, 12:30AM-12:45AM ET",price_change,UP,0.88,1641.7,0.92,0.93
2026-01-14 13:39:52,307,"Bitcoin Up or Down - January 14, 12:30AM-12:45AM ET",price_change,UP,0.91,552.34,0.91,0.93
2026-01-14 13:39:52,307,"Bitcoin Up or Down - January 14, 12:30AM-12:45AM ET",price_change,DOWN,0.08,5.96,0.08,0.09
2026-01-14 13:39:53,306,"Bitcoin Up or Down - January 14, 12:30AM-12:45AM ET",price_change,DOWN,0.07,1709.55,0.07,0.08
2026-01-14 13:39:53,306,"Bitcoin Up or Down - January 14, 12:30AM-12:45AM ET",price_change,UP,0.65,967,0.92,0.93
2026-01-14 13:39:54,305,"Bitcoin Up or Down - January 14, 12:30AM-12:45AM ET",price_change,UP,0.9,1400.79,0.92,0.93
2026-01-14 13:39:54,305,"Bitcoin Up or Down - January 14, 12:30AM-12:45AM ET",price_change,DOWN,0.06,1174.61,0.07,0.09
2026-01-14 13:39:55,304,"Bitcoin Up or Down - January 14, 12:30AM-12:45AM ET",price_change,UP,0.92,3.25,0.92,0.93
2026-01-14 13:39:55,304,"Bitcoin Up or Down - January 14, 12:30AM-12:45AM ET",price_change,DOWN,0.07,1653.67,0.07,0.08
2026-01-14 13:39:56,303,"Bitcoin Up or Down - January 14, 12:30AM-12:45AM ET",price_change,UP,0.85,1186.45,0.92,0.93
2026-01-14 13:39:56,303,"Bitcoin Up or Down - January 14, 12:30AM-12:45AM ET",price_change,DOWN,0.05,2217.22,0.07,0.08
2026-01-14 13:39:57,302,"Bitcoin Up or Down - January 14, 12:30AM-12:45AM ET",price_change,DOWN,0.06,1461.61,0.07,0.08
2026-01-14 13:39:57,302,"Bitcoin Up or Down - January 14, 12:30AM-12:45AM ET",price_change,UP,0.9,1571.59,0.92,0.93
2026-01-14 13:39:58,301,"Bitcoin Up or Down - January 14, 12:30AM-12:45AM ET",price_change,UP,0.9,1598.12,0.91,0.92
2026-01-14 13:39:58,301,"Bitcoin Up or Down - January 14, 12:30AM-12:45AM ET",price_change,DOWN,0.04,2141.77,0.08,0.09
2026-01-14 13:39:59,300,"Bitcoin Up or Down - January 14, 12:30AM-12:45AM ET",price_change,UP,0.7,967.73,0.9,0.91
2026-01-14 13:39:59,300,"Bitcoin Up or Down - January 14, 12:30AM-12:45AM ET",price_change,DOWN,0.09,1139.01,0.09,0.1
2026-01-14 13:40:00,299,"Bitcoin Up or Down - January 14, 12:30AM-12:45AM ET",price_change,DOWN,0.06,1234.76,0.09,0.1
2026-01-14 13:40:00,299,"Bitcoin Up or Down - January 14, 12:30AM-12:45AM ET",price_change,UP,0.89,193,0.9,0.91
2026-01-14 13:40:01,298,"Bitcoin Up or Down - January 14, 12:30AM-12:45AM ET",price_change,UP,0.88,608.51,0.9,0.91
2026-01-14 13:40:01,298,"Bitcoin Up or Down - January 14, 12:30AM-12:45AM ET",price_change,DOWN,0.08,2112,0.09,0.1
2026-01-14 13:40:02,297,"Bitcoin Up or Down - January 14, 12:30AM-12:45AM ET",price_change,DOWN,0.03,135744.32,0.09,0.1
2026-01-14 13:40:02,297,"Bitcoin Up or Down - January 14, 12:30AM-12:45AM ET",price_change,UP,0.75,1015.24,0.9,0.91
2026-01-14 13:40:03,296,"Bitcoin Up or Down - January 14, 12:30AM-12:45AM ET",price_change,DOWN,0.09,251.9,0.09,0.1
2026-01-14 13:40:03,296,"Bitcoin Up or Down - January 14, 12:30AM-12:45AM ET",price_change,UP,0.75,1005.24,0.9,0.91
2026-01-14 13:40:04,295,"Bitcoin Up or Down - January 14, 12:30AM-12:45AM ET",price_change,DOWN,0.08,2124.07,0.08,0.09
2026-01-14 13:40:04,295,"Bitcoin Up or Down - January 14, 12:30AM-12:45AM ET",price_change,UP,0.88,603.38,0.91,0.92
2026-01-14 13:40:04,294,"Bitcoin Up or Down - January 14, 12:30AM-12:45AM ET",price_change,DOWN,0.07,1228.5,0.08,0.09
2026-01-14 13:40:04,294,"Bitcoin Up or Down - January 14, 12:30AM-12:45AM ET",price_change,UP,0.88,571.1,0.91,0.92
2026-01-14 13:40:04,293,"Bitcoin Up or Down - January 14, 12:30AM-12:45AM ET",price_change,UP,0.7,989.15,0.91,0.92
2026-01-14 13:40:04,291,"Bitcoin Up or Down - January 14, 12:30AM-12:45AM ET",price_change,UP,0.89,602.67,0.91,0.92
2026-01-14 13:40:04,290,"Bitcoin Up or Down - January 14, 12:30AM-12:45AM ET",price_change,UP,0.88,565.6,0.91,0.92
2026-01-14 13:40:04,289,"Bitcoin Up or Down - January 14, 12:30AM-12:45AM ET",price_change,DOWN,0.07,1223.5,0.08,0.09
2026-01-14 13:40:04,289,"Bitcoin Up or Down - January 14, 12:30AM-12:45AM ET",price_change,UP,0.89,597.16,0.89,0.92
2026-01-14 13:40:05,288,"Bitcoin Up or Down - January 14, 12:30AM-12:45AM ET",price_change,UP,0.87,1827.92,0.9,0.91
2026-01-14 13:40:05,288,"Bitcoin Up or Down - January 14, 12:30AM-12:45AM ET",price_change,DOWN,0.07,1274.5,0.09,0.1
2026-01-14 13:40:10,287,"Bitcoin Up or Down - January 14, 12:30AM-12:45AM ET",price_change,UP,0.78,942,0.91,0.92
2026-01-14 13:40:10,287,"Bitcoin Up or Down - January 14, 12:30AM-12:45AM ET",price_change,DOWN,0.07,99.07,0.08,0.09
2026-01-14 13:40:13,286,"Bitcoin Up or Down - January 14, 12:30AM-12:45AM ET",price_change,DOWN,0.03,135427.32,0.06,0.07
2026-01-14 13:40:13,286,"Bitcoin Up or Down - January 14, 12:30AM-12:45AM ET",price_change,UP,0.92,363.5,0.93,0.94
2026-01-14 13:40:14,285,"Bitcoin Up or Down - January 14, 12:30AM-12:45AM ET",price_change,DOWN,0.04,2338.85,0.06,0.07
2026-01-14 13:40:14,285,"Bitcoin Up or Down - January 14, 12:30AM-12:45AM ET",price_change,UP,0.78,932,0.93,0.94
2026-01-14 13:40:14,284,"Bitcoin Up or Down - January 14, 12:30AM-12:45AM ET",price_change,DOWN,0.01,116830.82,0.06,0.07
2026-01-14 13:40:14,283,"Bitcoin Up or Down - January 14, 12:30AM-12:45AM ET",price_change,UP,0.78,942,0.93,0.94
2026-01-14 13:40:14,282,"Bitcoin Up or Down - January 14, 12:30AM-12:45AM ET",price_change,DOWN,0.01,116859.82,0.06,0.07
2026-01-14 13:40:14,282,"Bitcoin Up or Down - January 14, 12:30AM-12:45AM ET",price_change,UP,0.93,617.25,0.93,0.94
2026-01-14 13:40:18,281,"Bitcoin Up or Down - January 14, 12:30AM-12:45AM ET",price_change,UP,0.01,15104.43,0.94,0.95
2026-01-14 13:40:18,281,"Bitcoin Up or Down - January 14, 12:30AM-12:45AM ET",price_change,DOWN,0.01,116947.82,0.05,0.06
2026-01-14 13:40:19,280,"Bitcoin Up or Down - January 14, 12:30AM-12:45AM ET",price_change,UP,0.8,1051.03,0.94,0.95
2026-01-14 13:40:19,280,"Bitcoin Up or Down - January 14, 12:30AM-12:45AM ET",price_change,DOWN,0.01,117018.82,0.05,0.06
2026-01-14 13:40:20,279,"Bitcoin Up or Down - January 14, 12:30AM-12:45AM ET",price_change,UP,0.8,1041.03,0.94,0.95
2026-01-14 13:40:20,279,"Bitcoin Up or Down - January 14, 12:30AM-12:45AM ET",price_change,DOWN,0.01,116918.82,0.05,0.06
2026-01-14 13:40:21,278,"Bitcoin Up or Down - January 14, 12:30AM-12:45AM ET",price_change,DOWN,0.03,135550.97,0.05,0.06
2026-01-14 13:40:21,278,"Bitcoin Up or Down - January 14, 12:30AM-12:45AM ET",price_change,UP,0.66,994.7,0.94,0.95
2026-01-14 13:40:22,277,"Bitcoin Up or Down - January 14, 12:30AM-12:45AM ET",price_change,UP,0.8,1046.03,0.94,0.95
2026-01-14 13:40:22,277,"Bitcoin Up or Down - January 14, 12:30AM-12:45AM ET",price_change,DOWN,0.01,117018.82,0.05,0.06
2026-01-14 13:40:23,276,"Bitcoin Up or Down - January 14, 12:30AM-12:45AM ET",price_change,DOWN,0.01,117046.82,0.05,0.06
2026-01-14 13:40:23,276,"Bitcoin Up or Down - January 14, 12:30AM-12:45AM ET",price_change,UP,0.01,15110.27,0.94,0.95
2026-01-14 13:40:24,275,"Bitcoin Up or Down - January 14, 12:30AM-12:45AM ET",price_change,DOWN,0.05,1784.08,0.05,0.06
2026-01-14 13:40:24,275,"Bitcoin Up or Down - January 14, 12:30AM-12:45AM ET",price_change,UP,0.94,194.52,0.94,0.95
2026-01-14 13:40:25,274,"Bitcoin Up or Down - January 14, 12:30AM-12:45AM ET",price_change,DOWN,0.01,116935.82,0.05,0.06
2026-01-14 13:40:25,274,"Bitcoin Up or Down - January 14, 12:30AM-12:45AM ET",price_change,UP,0.94,515.92,0.94,0.95
2026-01-14 13:40:26,273,"Bitcoin Up or Down - January 14, 12:30AM-12:45AM ET",price_change,UP,0.93,895.92,0.94,0.95
2026-01-14 13:40:26,273,"Bitcoin Up or Down - January 14, 12:30AM-12:45AM ET",price_change,DOWN,0.03,135635.12,0.05,0.06
2026-01-14 13:40:27,272,"Bitcoin Up or Down - January 14, 12:30AM-12:45AM ET",price_change,DOWN,0.02,114256.05,0.05,0.06
2026-01-14 13:40:27,272,"Bitcoin Up or Down - January 14, 12:30AM-12:45AM ET",price_change,UP,0.69,937,0.94,0.95
2026-01-14 13:40:28,271,"Bitcoin Up or Down - January 14, 12:30AM-12:45AM ET",price_change,DOWN,0.04,2194.57,0.05,0.06
2026-01-14 13:40:28,271,"Bitcoin Up or Down - January 14, 12:30AM-12:45AM ET",price_change,UP,0.01,15116.11,0.94,0.95
2026-01-14 13:40:29,270,"Bitcoin Up or Down - January 14, 12:30AM-12:45AM ET",price_change,DOWN,0.01,116940.82,0.05,0.06
2026-01-14 13:40:29,270,"Bitcoin Up or Down - January 14, 12:30AM-12:45AM ET",price_change,UP,0.94,782.35,0.94,0.95
2026-01-14 13:40:30,269,"Bitcoin Up or Down - January 14, 12:30AM-12:45AM ET",price_change,UP,0.8,1036.03,0.94,0.95
2026-01-14 13:40:30,269,"Bitcoin Up or Down - January 14, 12:30AM-12:45AM ET",price_change,DOWN,0.03,135306.12,0.05,0.06
2026-01-14 13:40:30,268,"Bitcoin Up or Down - January 14, 12:30AM-12:45AM ET",price_change,DOWN,0.01,116933.9,0.05,0.06
2026-01-14 13:40:30,268,"Bitcoin Up or Down - January 14, 12:30AM-12:45AM ET",price_change,UP,0.8,1046.03,0.94,0.95
2026-01-14 13:40:32,267,"Bitcoin Up or Down - January 14, 12:30AM-12:45AM ET",price_change,DOWN,0.05,781.32,0.05,0.06
2026-01-14 13:40:32,267,"Bitcoin Up or Down - January 14, 12:30AM-12:45AM ET",price_change,UP,0.94,799.99,0.94,0.95
2026-01-14 13:40:33,266,"Bitcoin Up or Down - January 14, 12:30AM-12:45AM ET",price_change,DOWN,0.02,114266.05,0.05,0.06
2026-01-14 13:40:33,266,"Bitcoin Up or Down - January 14, 12:30AM-12:45AM ET",price_change,UP,0.01,15116.11,0.94,0.95
2026-01-14 13:40:34,265,"Bitcoin Up or Down - January 14, 12:30AM-12:45AM ET",price_change,DOWN,0.01,116949.9,0.05,0.06
2026-01-14 13:40:34,265,"Bitcoin Up or Down - January 14, 12:30AM-12:45AM ET",price_change,UP,0.93,946.92,0.94,0.95
2026-01-14 13:40:35,264,"Bitcoin Up or Down - January 14, 12:30AM-12:45AM ET",price_change,DOWN,0.03,135479.4,0.05,0.06
2026-01-14 13:40:35,264,"Bitcoin Up or Down - January 14, 12:30AM-12:45AM ET",price_change,UP,0.66,994.7,0.94,0.95
2026-01-14 13:40:36,263,"Bitcoin Up or Down - January 14, 12:30AM-12:45AM ET",price_change,DOWN,0.05,748.38,0.05,0.06
2026-01-14 13:40:36,263,"Bitcoin Up or Down - January 14, 12:30AM-12:45AM ET",price_change,UP,0.94,909.99,0.94,0.95
2026-01-14 13:40:37,262,"Bitcoin Up or Down - January 14, 12:30AM-12:45AM ET",price_change,UP,0.81,931.74,0.94,0.95
2026-01-14 13:40:37,262,"Bitcoin Up or Down - January 14, 12:30AM-12:45AM ET",price_change,DOWN,0.04,2204.57,0.05,0.06
2026-01-14 13:40:38,261,"Bitcoin Up or Down - January 14, 12:30AM-12:45AM ET",price_change,DOWN,0.03,136097.91,0.05,0.06
2026-01-14 13:40:38,261,"Bitcoin Up or Down - January 14, 12:30AM-12:45AM ET",price_change,UP,0.01,15116.11,0.94,0.95
2026-01-14 13:40:39,260,"Bitcoin Up or Down - January 14, 12:30AM-12:45AM ET",price_change,DOWN,0.01,116686.9,0.05,0.06
2026-01-14 13:40:39,260,"Bitcoin Up or Down - January 14, 12:30AM-12:45AM ET",price_change,UP,0.93,922.92,0.94,0.95
2026-01-14 13:40:40,259,"Bitcoin Up or Down - January 14, 12:30AM-12:45AM ET",price_change,UP,0.89,1290.76,0.94,0.95
2026-01-14 13:40:40,259,"Bitcoin Up or Down - January 14, 12:30AM-12:45AM ET",price_change,DOWN,0.03,136072.91,0.05,0.06
2026-01-14 13:40:41,258,"Bitcoin Up or Down - January 14, 12:30AM-12:45AM ET",price_change,DOWN,0.01,116657.9,0.05,0.06
2026-01-14 13:40:41,258,"Bitcoin Up or Down - January 14, 12:30AM-12:45AM ET",price_change,UP,0.8,1046.03,0.94,0.95
2026-01-14 13:40:41,257,"Bitcoin Up or Down - January 14, 12:30AM-12:45AM ET",price_change,UP,0.92,1822.78,0.94,0.95
2026-01-14 13:40:41,257,"Bitcoin Up or Down - January 14, 12:30AM-12:45AM ET",price_change,DOWN,0.01,116686.9,0.05,0.06
2026-01-14 13:40:43,256,"Bitcoin Up or Down - January 14, 12:30AM-12:45AM ET",price_change,DOWN,0.01,116157.9,0.05,0.06
2026-01-14 13:40:43,256,"Bitcoin Up or Down - January 14, 12:30AM-12:45AM ET",price_change,UP,0.93,905.92,0.94,0.95
2026-01-14 13:40:44,255,"Bitcoin Up or Down - January 14, 12:30AM-12:45AM ET",price_change,UP,0.77,962,0.94,0.95
2026-01-14 13:40:44,255,"Bitcoin Up or Down - January 14, 12:30AM-12:45AM ET",price_change,DOWN,0.04,1604.57,0.05,0.06
2026-01-14 13:40:45,254,"Bitcoin Up or Down - January 14, 12:30AM-12:45AM ET",price_change,DOWN,0.04,1549.83,0.05,0.06
2026-01-14 13:40:45,254,"Bitcoin Up or Down - January 14, 12:30AM-12:45AM ET",price_change,UP,0.92,1562.28,0.94,0.95
2026-01-14 13:40:46,253,"Bitcoin Up or Down - January 14, 12:30AM-12:45AM ET",price_change,UP,0.94,626.85,0.94,0.95
2026-01-14 13:40:46,253,"Bitcoin Up or Down - January 14, 12:30AM-12:45AM ET",price_change,DOWN,0.04,1563.57,0.05,0.06
2026-01-14 13:40:47,252,"Bitcoin Up or Down - January 14, 12:30AM-12:45AM ET",price_change,DOWN,0.02,114300.05,0.05,0.06
2026-01-14 13:40:47,252,"Bitcoin Up or Down - January 14, 12:30AM-12:45AM ET",price_change,UP,0.9,1692.72,0.94,0.95
2026-01-14 13:40:48,251,"Bitcoin Up or Down - January 14, 12:30AM-12:45AM ET",price_change,UP,0.91,1141.45,0.94,0.95
2026-01-14 13:40:48,251,"Bitcoin Up or Down - January 14, 12:30AM-12:45AM ET",price_change,DOWN,0.02,114300.05,0.05,0.06
2026-01-14 13:40:49,250,"Bitcoin Up or Down - January 14, 12:30AM-12:45AM ET",price_change,DOWN,0.01,116232.9,0.05,0.06
2026-01-14 13:40:49,250,"Bitcoin Up or Down - January 14, 12:30AM-12:45AM ET",price_change,UP,0.88,958.93,0.94,0.95
2026-01-14 13:40:50,249,"Bitcoin Up or Down - January 14, 12:30AM-12:45AM ET",price_change,DOWN,0.03,137051.91,0.05,0.06
2026-01-14 13:40:50,249,"Bitcoin Up or Down - January 14, 12:30AM-12:45AM ET",price_change,UP,0.94,40.58,0.94,0.95
2026-01-14 13:40:51,248,"Bitcoin Up or Down - January 14, 12:30AM-12:45AM ET",price_change,UP,0.94,53.76,0.94,0.95
2026-01-14 13:40:51,248,"Bitcoin Up or Down - January 14, 12:30AM-12:45AM ET",price_change,DOWN,0.03,137052.91,0.05,0.06
2026-01-14 13:40:52,247,"Bitcoin Up or Down - January 14, 12:30AM-12:45AM ET",price_change,DOWN,0.01,116252.9,0.05,0.06
2026-01-14 13:40:52,247,"Bitcoin Up or Down - January 14, 12:30AM-12:45AM ET",price_change,UP,0.42,982.66,0.94,0.95
2026-01-14 13:40:53,246,"Bitcoin Up or Down - January 14, 12:30AM-12:45AM ET",price_change,UP,0.94,48.76,0.94,0.95
2026-01-14 13:40:53,246,"Bitcoin Up or Down - January 14, 12:30AM-12:45AM ET",price_change,DOWN,0.04,1605,0.05,0.06
2026-01-14 13:40:54,245,"Bitcoin Up or Down - January 14, 12:30AM-12:45AM ET",price_change,UP,0.9,1678.56,0.94,0.95
2026-01-14 13:40:54,245,"Bitcoin Up or Down - January 14, 12:30AM-12:45AM ET",price_change,DOWN,0.04,1591.83,0.05,0.06
2026-01-14 13:40:55,244,"Bitcoin Up or Down - January 14, 12:30AM-12:45AM ET",price_change,UP,0.91,1108.45,0.94,0.95
2026-01-14 13:40:55,244,"Bitcoin Up or Down - January 14, 12:30AM-12:45AM ET",price_change,DOWN,0.04,1581.83,0.05,0.06
2026-01-14 13:40:56,243,"Bitcoin Up or Down - January 14, 12:30AM-12:45AM ET",price_change,UP,0.92,1920.78,0.94,0.95
2026-01-14 13:40:56,243,"Bitcoin Up or Down - January 14, 12:30AM-12:45AM ET",price_change,DOWN,0.04,1595.57,0.05,0.06
2026-01-14 13:40:57,242,"Bitcoin Up or Down - January 14, 12:30AM-12:45AM ET",price_change,DOWN,0.05,416.9,0.05,0.06
2026-01-14 13:40:57,242,"Bitcoin Up or Down - January 14, 12:30AM-12:45AM ET",price_change,UP,0.93,907.92,0.94,0.95
2026-01-14 13:40:58,241,"Bitcoin Up or Down - January 14, 12:30AM-12:45AM ET",price_change,DOWN,0.01,116160.9,0.05,0.06
2026-01-14 13:40:58,241,"Bitcoin Up or Down - January 14, 12:30AM-12:45AM ET",price_change,UP,0.92,1880.78,0.94,0.95
2026-01-14 13:40:59,240,"Bitcoin Up or Down - January 14, 12:30AM-12:45AM ET",price_change,UP,0.94,24.68,0.94,0.95
2026-01-14 13:40:59,240,"Bitcoin Up or Down - January 14, 12:30AM-12:45AM ET",price_change,DOWN,0.01,116253.9,0.05,0.06
2026-01-14 13:41:00,239,"Bitcoin Up or Down - January 14, 12:30AM-12:45AM ET",price_change,DOWN,0.01,116149.9,0.05,0.06
2026-01-14 13:41:00,239,"Bitcoin Up or Down - January 14, 12:30AM-12:45AM ET",price_change,UP,0.68,801.24,0.94,0.95
2026-01-14 13:41:01,238,"Bitcoin Up or Down - January 14, 12:30AM-12:45AM ET",price_change,UP,0.92,1563.78,0.94,0.95
2026-01-14 13:41:01,238,"Bitcoin Up or Down - January 14, 12:30AM-12:45AM ET",price_change,DOWN,0.04,2190.05,0.05,0.06
2026-01-14 13:41:02,237,"Bitcoin Up or Down - January 14, 12:30AM-12:45AM ET",price_change,DOWN,0.02,114333.05,0.05,0.06
2026-01-14 13:41:03,237,"Bitcoin Up or Down - January 14, 12:30AM-12:45AM ET",price_change,UP,0.68,811.24,0.94,0.95
2026-01-14 13:41:03,236,"Bitcoin Up or Down - January 14, 12:30AM-12:45AM ET",price_change,UP,0.8,1051.03,0.94,0.95
2026-01-14 13:41:03,236,"Bitcoin Up or Down - January 14, 12:30AM-12:45AM ET",price_change,DOWN,0.02,114441.05,0.05,0.06
2026-01-14 13:41:04,235,"Bitcoin Up or Down - January 14, 12:30AM-12:45AM ET",price_change,UP,0.92,32,0.92,0.93
2026-01-14 13:41:04,235,"Bitcoin Up or Down - January 14, 12:30AM-12:45AM ET",price_change,DOWN,0.06,1524.17,0.07,0.08
2026-01-14 13:41:05,234,"Bitcoin Up or Down - January 14, 12:30AM-12:45AM ET",price_change,DOWN,0.05,2512.51,0.07,0.08
2026-01-14 13:41:05,234,"Bitcoin Up or Down - January 14, 12:30AM-12:45AM ET",price_change,UP,0.91,596.81,0.92,0.93
2026-01-14 13:41:06,233,"Bitcoin Up or Down - January 14, 12:30AM-12:45AM ET",price_change,UP,0.91,691.73,0.92,0.93
2026-01-14 13:41:06,233,"Bitcoin Up or Down - January 14, 12:30AM-12:45AM ET",price_change,DOWN,0.06,1387.91,0.07,0.08
2026-01-14 13:41:07,232,"Bitcoin Up or Down - January 14, 12:30AM-12:45AM ET",price_change,UP,0.77,962,0.92,0.93
2026-01-14 13:41:07,232,"Bitcoin Up or Down - January 14, 12:30AM-12:45AM ET",price_change,DOWN,0.07,188.41,0.07,0.08
2026-01-14 13:41:08,231,"Bitcoin Up or Down - January 14, 12:30AM-12:45AM ET",price_change,UP,0.92,518.68,0.93,0.94
2026-01-14 13:41:08,231,"Bitcoin Up or Down - January 14, 12:30AM-12:45AM ET",price_change,DOWN,0.06,539.37,0.06,0.07
2026-01-14 13:41:09,230,"Bitcoin Up or Down - January 14, 12:30AM-12:45AM ET",price_change,UP,0.93,96.7,0.93,0.94
2026-01-14 13:41:09,230,"Bitcoin Up or Down - January 14, 12:30AM-12:45AM ET",price_change,DOWN,0.01,116538.9,0.06,0.07
2026-01-14 13:41:10,229,"Bitcoin Up or Down - January 14, 12:30AM-12:45AM ET",price_change,DOWN,0.05,1348.36,0.06,0.07
2026-01-14 13:41:10,229,"Bitcoin Up or Down - January 14, 12:30AM-12:45AM ET",price_change,UP,0.88,1599.28,0.93,0.94
2026-01-14 13:41:11,228,"Bitcoin Up or Down - January 14, 12:30AM-12:45AM ET",price_change,DOWN,0.01,116460.9,0.06,0.07
2026-01-14 13:41:11,228,"Bitcoin Up or Down - January 14, 12:30AM-12:45AM ET",price_change,UP,0.89,1876.8,0.93,0.94
2026-01-14 13:41:12,227,"Bitcoin Up or Down - January 14, 12:30AM-12:45AM ET",price_change,DOWN,0.06,1162.72,0.06,0.07
2026-01-14 13:41:12,227,"Bitcoin Up or Down - January 14, 12:30AM-12:45AM ET",price_change,UP,0.92,1839.68,0.93,0.94
2026-01-14 13:41:13,226,"Bitcoin Up or Down - January 14, 12:30AM-12:45AM ET",price_change,UP,0.92,1850.18,0.93,0.94
2026-01-14 13:41:13,226,"Bitcoin Up or Down - January 14, 12:30AM-12:45AM ET",price_change,DOWN,0.04,2643.75,0.06,0.07
2026-01-14 13:41:14,225,"Bitcoin Up or Down - January 14, 12:30AM-12:45AM ET",price_change,DOWN,0.04,2664.23,0.06,0.07
2026-01-14 13:41:14,225,"Bitcoin Up or Down - January 14, 12:30AM-12:45AM ET",price_change,UP,0.68,806.24,0.93,0.94
2026-01-14 13:41:15,224,"Bitcoin Up or Down - January 14, 12:30AM-12:45AM ET",price_change,DOWN,0.04,2618.75,0.06,0.07
2026-01-14 13:41:16,224,"Bitcoin Up or Down - January 14, 12:30AM-12:45AM ET",price_change,UP,0.93,369.74,0.93,0.94
2026-01-14 13:41:16,223,"Bitcoin Up or Down - January 14, 12:30AM-12:45AM ET",price_change,DOWN,0.02,114511.96,0.06,0.07
2026-01-14 13:41:16,223,"Bitcoin Up or Down - January 14, 12:30AM-12:45AM ET",price_change,UP,0.93,437.24,0.93,0.94
2026-01-14 13:41:17,222,"Bitcoin Up or Down - January 14, 12:30AM-12:45AM ET",price_change,UP,0.75,2455.24,0.93,0.94
2026-01-14 13:41:17,222,"Bitcoin Up or Down - January 14, 12:30AM-12:45AM ET",price_change,DOWN,0.01,116432.9,0.06,0.07
2026-01-14 13:41:18,221,"Bitcoin Up or Down - January 14, 12:30AM-12:45AM ET",price_change,DOWN,0.01,116432.9,0.06,0.07
2026-01-14 13:41:18,221,"Bitcoin Up or Down - January 14, 12:30AM-12:45AM ET",price_change,UP,0.75,1005.24,0.93,0.94
2026-01-14 13:41:19,220,"Bitcoin Up or Down - January 14, 12:30AM-12:45AM ET",price_change,UP,0.92,240.68,0.93,0.94
2026-01-14 13:41:19,220,"Bitcoin Up or Down - January 14, 12:30AM-12:45AM ET",price_change,DOWN,0.06,1145.65,0.06,0.07
2026-01-14 13:41:20,219,"Bitcoin Up or Down - January 14, 12:30AM-12:45AM ET",price_change,DOWN,0.02,114492.96,0.06,0.07
2026-01-14 13:41:20,219,"Bitcoin Up or Down - January 14, 12:30AM-12:45AM ET",price_change,UP,0.87,2579.74,0.93,0.94
2026-01-14 13:41:21,218,"Bitcoin Up or Down - January 14, 12:30AM-12:45AM ET",price_change,DOWN,0.05,1873.81,0.06,0.07
2026-01-14 13:41:21,218,"Bitcoin Up or Down - January 14, 12:30AM-12:45AM ET",price_change,UP,0.89,1038.38,0.93,0.94
2026-01-14 13:41:22,217,"Bitcoin Up or Down - January 14, 12:30AM-12:45AM ET",price_change,DOWN,0.04,3164.85,0.07,0.08
2026-01-14 13:41:22,217,"Bitcoin Up or Down - January 14, 12:30AM-12:45AM ET",price_change,UP,0.84,1140.22,0.92,0.93
2026-01-14 13:41:23,216,"Bitcoin Up or Down - January 14, 12:30AM-12:45AM ET",price_change,DOWN,0.06,1666.49,0.07,0.08
2026-01-14 13:41:23,216,"Bitcoin Up or Down - January 14, 12:30AM-12:45AM ET",price_change,UP,0.66,1004.7,0.92,0.93
2026-01-14 13:41:24,215,"Bitcoin Up or Down - January 14, 12:30AM-12:45AM ET",price_change,UP,0.92,138.71,0.92,0.93
2026-01-14 13:41:24,215,"Bitcoin Up or Down - January 14, 12:30AM-12:45AM ET",price_change,DOWN,0.07,444.43,0.07,0.08
2026-01-14 13:41:25,214,"Bitcoin Up or Down - January 14, 12:30AM-12:45AM ET",price_change,DOWN,0.02,114423.04,0.07,0.08
2026-01-14 13:41:25,214,"Bitcoin Up or Down - January 14, 12:30AM-12:45AM ET",price_change,UP,0.87,2266.52,0.92,0.93
2026-01-14 13:41:26,213,"Bitcoin Up or Down - January 14, 12:30AM-12:45AM ET",price_change,UP,0.88,1465.15,0.91,0.92
2026-01-14 13:41:26,213,"Bitcoin Up or Down - January 14, 12:30AM-12:45AM ET",price_change,DOWN,0.05,1863.66,0.08,0.09
2026-01-14 13:41:27,212,"Bitcoin Up or Down - January 14, 12:30AM-12:45AM ET",price_change,DOWN,0.08,1028.48,0.08,0.09
2026-01-14 13:41:27,212,"Bitcoin Up or Down - January 14, 12:30AM-12:45AM ET",price_change,UP,0.83,1059.42,0.91,0.92
2026-01-14 13:41:28,211,"Bitcoin Up or Down - January 14, 12:30AM-12:45AM ET",price_change,UP,0.73,963.68,0.9,0.91
2026-01-14 13:41:28,211,"Bitcoin Up or Down - January 14, 12:30AM-12:45AM ET",price_change,DOWN,0.06,926.48,0.09,0.1
2026-01-14 13:41:29,210,"Bitcoin Up or Down - January 14, 12:30AM-12:45AM ET",price_change,UP,0.9,282.34,0.9,0.91
2026-01-14 13:41:29,210,"Bitcoin Up or Down - January 14, 12:30AM-12:45AM ET",price_change,DOWN,0.07,1652.11,0.09,0.1
2026-01-14 13:41:30,209,"Bitcoin Up or Down - January 14, 12:30AM-12:45AM ET",price_change,UP,0.8,1036.03,0.9,0.91
2026-01-14 13:41:30,209,"Bitcoin Up or Down - January 14, 12:30AM-12:45AM ET",price_change,DOWN,0.06,863.24,0.09,0.1
2026-01-14 13:41:31,208,"Bitcoin Up or Down - January 14, 12:30AM-12:45AM ET",price_change,DOWN,0.09,625.76,0.09,0.11
2026-01-14 13:41:31,208,"Bitcoin Up or Down - January 14, 12:30AM-12:45AM ET",price_change,UP,0.7,967.73,0.89,0.91
2026-01-14 13:41:32,207,"Bitcoin Up or Down - January 14, 12:30AM-12:45AM ET",price_change,DOWN,0.08,1168,0.1,0.11
2026-01-14 13:41:32,207,"Bitcoin Up or Down - January 14, 12:30AM-12:45AM ET",price_change,UP,0.63,802.72,0.89,0.9
2026-01-14 13:41:33,206,"Bitcoin Up or Down - January 14, 12:30AM-12:45AM ET",price_change,UP,0.86,873.78,0.9,0.91
2026-01-14 13:41:33,206,"Bitcoin Up or Down - January 14, 12:30AM-12:45AM ET",price_change,DOWN,0.05,1789.16,0.09,0.1
2026-01-14 13:41:34,205,"Bitcoin Up or Down - January 14, 12:30AM-12:45AM ET",price_change,UP,0.42,987.66,0.9,0.91
2026-01-14 13:41:34,205,"Bitcoin Up or Down - January 14, 12:30AM-12:45AM ET",price_change,DOWN,0.08,695.53,0.09,0.1
2026-01-14 13:41:35,204,"Bitcoin Up or Down - January 14, 12:30AM-12:45AM ET",price_change,DOWN,0.08,714.53,0.09,0.1
2026-01-14 13:41:35,204,"Bitcoin Up or Down - January 14, 12:30AM-12:45AM ET",price_change,UP,0.89,807.54,0.9,0.91
2026-01-14 13:41:36,203,"Bitcoin Up or Down - January 14, 12:30AM-12:45AM ET",price_change,UP,0.68,771.24,0.9,0.91
2026-01-14 13:41:36,203,"Bitcoin Up or Down - January 14, 12:30AM-12:45AM ET",price_change,DOWN,0.06,868.41,0.09,0.1
2026-01-14 13:41:37,202,"Bitcoin Up or Down - January 14, 12:30AM-12:45AM ET",price_change,UP,0.89,1088.35,0.9,0.91
2026-01-14 13:41:37,202,"Bitcoin Up or Down - January 14, 12:30AM-12:45AM ET",price_change,DOWN,0.06,622.91,0.09,0.1
2026-01-14 13:41:38,201,"Bitcoin Up or Down - January 14, 12:30AM-12:45AM ET",price_change,UP,0.88,1220.71,0.9,0.91
2026-01-14 13:41:38,201,"Bitcoin Up or Down - January 14, 12:30AM-12:45AM ET",price_change,DOWN,0.08,714.53,0.09,0.1
2026-01-14 13:41:39,200,"Bitcoin Up or Down - January 14, 12:30AM-12:45AM ET",price_change,UP,0.89,720.35,0.9,0.91
2026-01-14 13:41:39,200,"Bitcoin Up or Down - January 14, 12:30AM-12:45AM ET",price_change,DOWN,0.05,1842.17,0.09,0.1
2026-01-14 13:41:40,199,"Bitcoin Up or Down - January 14, 12:30AM-12:45AM ET",price_change,DOWN,0.04,3057.83,0.09,0.1
2026-01-14 13:41:40,199,"Bitcoin Up or Down - January 14, 12:30AM-12:45AM ET",price_change,UP,0.9,1276.98,0.9,0.91
2026-01-14 13:41:41,198,"Bitcoin Up or Down - January 14, 12:30AM-12:45AM ET",price_change,DOWN,0.08,781.53,0.09,0.1
2026-01-14 13:41:41,198,"Bitcoin Up or Down - January 14, 12:30AM-12:45AM ET",price_change,UP,0.88,1147.02,0.9,0.91
2026-01-14 13:41:42,197,"Bitcoin Up or Down - January 14, 12:30AM-12:45AM ET",price_change,DOWN,0.06,996.65,0.1,0.11
2026-01-14 13:41:42,197,"Bitcoin Up or Down - January 14, 12:30AM-12:45AM ET",price_change,UP,0.86,721.36,0.89,0.9
2026-01-14 13:41:43,196,"Bitcoin Up or Down - January 14, 12:30AM-12:45AM ET",price_change,UP,0.87,2404.81,0.89,0.9
2026-01-14 13:41:43,196,"Bitcoin Up or Down - January 14, 12:30AM-12:45AM ET",price_change,DOWN,0.08,1410.75,0.1,0.11
2026-01-14 13:41:44,195,"Bitcoin Up or Down - January 14, 12:30AM-12:45AM ET",price_change,UP,0.87,2504.23,0.89,0.91
2026-01-14 13:41:44,195,"Bitcoin Up or Down - January 14, 12:30AM-12:45AM ET",price_change,DOWN,0.06,877.65,0.09,0.11
2026-01-14 13:41:45,194,"Bitcoin Up or Down - January 14, 12:30AM-12:45AM ET",price_change,DOWN,0.06,877.65,0.09,0.1
2026-01-14 13:41:45,194,"Bitcoin Up or Down - January 14, 12:30AM-12:45AM ET",price_change,UP,0.87,2577.86,0.9,0.91
2026-01-14 13:41:46,193,"Bitcoin Up or Down - January 14, 12:30AM-12:45AM ET",price_change,UP,0.89,2190.22,0.91,0.92
2026-01-14 13:41:46,193,"Bitcoin Up or Down - January 14, 12:30AM-12:45AM ET",price_change,DOWN,0.05,2004.6,0.08,0.09
2026-01-14 13:41:47,192,"Bitcoin Up or Down - January 14, 12:30AM-12:45AM ET",price_change,UP,0.9,929,0.91,0.92
2026-01-14 13:41:47,192,"Bitcoin Up or Down - January 14, 12:30AM-12:45AM ET",price_change,DOWN,0.06,758.49,0.08,0.09
2026-01-14 13:41:48,191,"Bitcoin Up or Down - January 14, 12:30AM-12:45AM ET",price_change,DOWN,0.08,51.91,0.08,0.09
2026-01-14 13:41:48,191,"Bitcoin Up or Down - January 14, 12:30AM-12:45AM ET",price_change,UP,0.9,964,0.91,0.92
2026-01-14 13:41:49,190,"Bitcoin Up or Down - January 14, 12:30AM-12:45AM ET",price_change,DOWN,0.02,114469.04,0.08,0.09
2026-01-14 13:41:49,190,"Bitcoin Up or Down - January 14, 12:30AM-12:45AM ET",price_change,UP,0.9,1047.71,0.91,0.92
2026-01-14 13:41:50,189,"Bitcoin Up or Down - January 14, 12:30AM-12:45AM ET",price_change,DOWN,0.08,113.73,0.08,0.09
2026-01-14 13:41:50,189,"Bitcoin Up or Down - January 14, 12:30AM-12:45AM ET",price_change,UP,0.91,0,0.9,0.92
2026-01-14 13:41:51,188,"Bitcoin Up or Down - January 14, 12:30AM-12:45AM ET",price_change,DOWN,0.02,114400.04,0.08,0.09
2026-01-14 13:41:51,188,"Bitcoin Up or Down - January 14, 12:30AM-12:45AM ET",price_change,UP,0.9,689.92,0.91,0.92
2026-01-14 13:41:52,187,"Bitcoin Up or Down - January 14, 12:30AM-12:45AM ET",price_change,UP,0.86,833.79,0.91,0.92
2026-01-14 13:41:52,187,"Bitcoin Up or Down - January 14, 12:30AM-12:45AM ET",price_change,DOWN,0.05,1880.93,0.08,0.09
2026-01-14 13:41:53,186,"Bitcoin Up or Down - January 14, 12:30AM-12:45AM ET",price_change,UP,0.87,1672.24,0.91,0.92
2026-01-14 13:41:53,186,"Bitcoin Up or Down - January 14, 12:30AM-12:45AM ET",price_change,DOWN,0.06,806.47,0.08,0.09
2026-01-14 13:41:54,185,"Bitcoin Up or Down - January 14, 12:30AM-12:45AM ET",price_change,UP,0.88,1565.23,0.91,0.92
2026-01-14 13:41:54,185,"Bitcoin Up or Down - January 14, 12:30AM-12:45AM ET",price_change,DOWN,0.02,114665.04,0.08,0.09
2026-01-14 13:41:55,184,"Bitcoin Up or Down - January 14, 12:30AM-12:45AM ET",price_change,UP,0.9,387.42,0.91,0.92
2026-01-14 13:41:55,184,"Bitcoin Up or Down - January 14, 12:30AM-12:45AM ET",price_change,DOWN,0.08,927.91,0.08,0.09
2026-01-14 13:41:56,183,"Bitcoin Up or Down - January 14, 12:30AM-12:45AM ET",price_change,DOWN,0.02,114640.04,0.08,0.09
2026-01-14 13:41:56,183,"Bitcoin Up or Down - January 14, 12:30AM-12:45AM ET",price_change,UP,0.88,1568.23,0.91,0.92
2026-01-14 13:41:57,182,"Bitcoin Up or Down - January 14, 12:30AM-12:45AM ET",price_change,DOWN,0.02,114640.04,0.08,0.09
2026-01-14 13:41:57,182,"Bitcoin Up or Down - January 14, 12:30AM-12:45AM ET",price_change,UP,0.9,389.42,0.91,0.92
2026-01-14 13:41:58,181,"Bitcoin Up or Down - January 14, 12:30AM-12:45AM ET",price_change,DOWN,0.07,1377.35,0.08,0.09
2026-01-14 13:41:58,181,"Bitcoin Up or Down - January 14, 12:30AM-12:45AM ET",price_change,UP,0.89,2114.23,0.91,0.92
2026-01-14 13:41:59,180,"Bitcoin Up or Down - January 14, 12:30AM-12:45AM ET",price_change,DOWN,0.05,1677.43,0.08,0.09
2026-01-14 13:41:59,180,"Bitcoin Up or Down - January 14, 12:30AM-12:45AM ET",price_change,UP,0.9,848.99,0.91,0.92
2026-01-14 13:42:00,179,"Bitcoin Up or Down - January 14, 12:30AM-12:45AM ET",price_change,UP,0.9,882.07,0.91,0.92
2026-01-14 13:42:00,179,"Bitcoin Up or Down - January 14, 12:30AM-12:45AM ET",price_change,DOWN,0.01,116400.3,0.08,0.09
2026-01-14 13:42:01,178,"Bitcoin Up or Down - January 14, 12:30AM-12:45AM ET",price_change,UP,0.93,110,0.93,0.95
2026-01-14 13:42:01,178,"Bitcoin Up or Down - January 14, 12:30AM-12:45AM ET",price_change,DOWN,0.02,114206.04,0.05,0.07
2026-01-14 13:42:02,177,"Bitcoin Up or Down - January 14, 12:30AM-12:45AM ET",price_change,DOWN,0.01,116167.3,0.04,0.06
2026-01-14 13:42:02,177,"Bitcoin Up or Down - January 14, 12:30AM-12:45AM ET",price_change,UP,0.93,484.94,0.94,0.96
2026-01-14 13:42:03,176,"Bitcoin Up or Down - January 14, 12:30AM-12:45AM ET",price_change,UP,0.9,1301.92,0.94,0.96
2026-01-14 13:42:03,176,"Bitcoin Up or Down - January 14, 12:30AM-12:45AM ET",price_change,DOWN,0.01,116374.22,0.04,0.06
2026-01-14 13:42:04,175,"Bitcoin Up or Down - January 14, 12:30AM-12:45AM ET",price_change,UP,0.89,2129.23,0.94,0.95
2026-01-14 13:42:04,175,"Bitcoin Up or Down - January 14, 12:30AM-12:45AM ET",price_change,DOWN,0.05,58,0.05,0.06
2026-01-14 13:42:05,174,"Bitcoin Up or Down - January 14, 12:30AM-12:45AM ET",price_change,UP,0.72,970.72,0.94,0.95
2026-01-14 13:42:05,174,"Bitcoin Up or Down - January 14, 12:30AM-12:45AM ET",price_change,DOWN,0.03,136069.99,0.05,0.06
2026-01-14 13:42:06,173,"Bitcoin Up or Down - January 14, 12:30AM-12:45AM ET",price_change,UP,0.92,971.77,0.94,0.95
2026-01-14 13:42:06,173,"Bitcoin Up or Down - January 14, 12:30AM-12:45AM ET",price_change,DOWN,0.05,394.58,0.05,0.06
2026-01-14 13:42:07,172,"Bitcoin Up or Down - January 14, 12:30AM-12:45AM ET",price_change,DOWN,0.04,1260.11,0.06,0.07
2026-01-14 13:42:07,172,"Bitcoin Up or Down - January 14, 12:30AM-12:45AM ET",price_change,UP,0.01,14496.36,0.93,0.94
2026-01-14 13:42:08,171,"Bitcoin Up or Down - January 14, 12:30AM-12:45AM ET",price_change,DOWN,0.04,1566,0.05,0.06
2026-01-14 13:42:08,171,"Bitcoin Up or Down - January 14, 12:30AM-12:45AM ET",price_change,UP,0.68,766.24,0.94,0.95
2026-01-14 13:42:09,170,"Bitcoin Up or Down - January 14, 12:30AM-12:45AM ET",price_change,DOWN,0.05,24.99,0.05,0.06
2026-01-14 13:42:09,170,"Bitcoin Up or Down - January 14, 12:30AM-12:45AM ET",price_change,UP,0.9,1091.84,0.94,0.95
2026-01-14 13:42:10,169,"Bitcoin Up or Down - January 14, 12:30AM-12:45AM ET",price_change,UP,0.91,1127.71,0.94,0.95
2026-01-14 13:42:10,169,"Bitcoin Up or Down - January 14, 12:30AM-12:45AM ET",price_change,DOWN,0.04,1220.54,0.05,0.06
2026-01-14 13:42:11,168,"Bitcoin Up or Down - January 14, 12:30AM-12:45AM ET",price_change,UP,0.89,1773.31,0.94,0.95
2026-01-14 13:42:11,168,"Bitcoin Up or Down - January 14, 12:30AM-12:45AM ET",price_change,DOWN,0.04,1558.46,0.05,0.06
2026-01-14 13:42:12,167,"Bitcoin Up or Down - January 14, 12:30AM-12:45AM ET",price_change,DOWN,0.04,1129.54,0.05,0.06
2026-01-14 13:42:12,167,"Bitcoin Up or Down - January 14, 12:30AM-12:45AM ET",price_change,UP,0.69,932,0.94,0.95
2026-01-14 13:42:13,166,"Bitcoin Up or Down - January 14, 12:30AM-12:45AM ET",price_change,DOWN,0.01,116519.06,0.05,0.06
2026-01-14 13:42:13,166,"Bitcoin Up or Down - January 14, 12:30AM-12:45AM ET",price_change,UP,0.68,766.24,0.94,0.95
2026-01-14 13:42:14,165,"Bitcoin Up or Down - January 14, 12:30AM-12:45AM ET",price_change,DOWN,0.06,109,0.06,0.07
2026-01-14 13:42:14,165,"Bitcoin Up or Down - January 14, 12:30AM-12:45AM ET",price_change,UP,0.91,814.49,0.93,0.94
2026-01-14 13:42:15,164,"Bitcoin Up or Down - January 14, 12:30AM-12:45AM ET",price_change,DOWN,0.06,712.92,0.06,0.07
2026-01-14 13:42:15,164,"Bitcoin Up or Down - January 14, 12:30AM-12:45AM ET",price_change,UP,0.92,394.48,0.93,0.94
2026-01-14 13:42:16,163,"Bitcoin Up or Down - January 14, 12:30AM-12:45AM ET",price_change,DOWN,0.05,2661.69,0.06,0.07
2026-01-14 13:42:16,163,"Bitcoin Up or Down - January 14, 12:30AM-12:45AM ET",price_change,UP,0.93,51.65,0.93,0.94
2026-01-14 13:42:17,162,"Bitcoin Up or Down - January 14, 12:30AM-12:45AM ET",price_change,UP,0.73,2332.68,0.93,0.94
2026-01-14 13:42:17,162,"Bitcoin Up or Down - January 14, 12:30AM-12:45AM ET",price_change,DOWN,0.06,931.57,0.06,0.07
2026-01-14 13:42:18,161,"Bitcoin Up or Down - January 14, 12:30AM-12:45AM ET",price_change,UP,0.89,1885.8,0.91,0.93
2026-01-14 13:42:18,161,"Bitcoin Up or Down - January 14, 12:30AM-12:45AM ET",price_change,DOWN,0.03,136722.91,0.07,0.09
2026-01-14 13:42:19,160,"Bitcoin Up or Down - January 14, 12:30AM-12:45AM ET",price_change,UP,0.89,1824.93,0.93,0.94
2026-01-14 13:42:19,160,"Bitcoin Up or Down - January 14, 12:30AM-12:45AM ET",price_change,DOWN,0.06,601.36,0.06,0.07
2026-01-14 13:42:20,159,"Bitcoin Up or Down - January 14, 12:30AM-12:45AM ET",price_change,DOWN,0.01,115965.3,0.06,0.07
2026-01-14 13:42:20,159,"Bitcoin Up or Down - January 14, 12:30AM-12:45AM ET",price_change,UP,0.9,823.61,0.93,0.94
2026-01-14 13:42:21,158,"Bitcoin Up or Down - January 14, 12:30AM-12:45AM ET",price_change,DOWN,0.05,2856.99,0.06,0.07
2026-01-14 13:42:21,158,"Bitcoin Up or Down - January 14, 12:30AM-12:45AM ET",price_change,UP,0.88,924.67,0.93,0.94
2026-01-14 13:42:22,157,"Bitcoin Up or Down - January 14, 12:30AM-12:45AM ET",price_change,DOWN,0.05,3027.91,0.06,0.07
2026-01-14 13:42:22,157,"Bitcoin Up or Down - January 14, 12:30AM-12:45AM ET",price_change,UP,0.92,350.92,0.93,0.94
2026-01-14 13:42:23,156,"Bitcoin Up or Down - January 14, 12:30AM-12:45AM ET",price_change,UP,0.9,847.92,0.93,0.94
2026-01-14 13:42:23,156,"Bitcoin Up or Down - January 14, 12:30AM-12:45AM ET",price_change,DOWN,0.03,136731.91,0.06,0.07
2026-01-14 13:42:24,155,"Bitcoin Up or Down - January 14, 12:30AM-12:45AM ET",price_change,DOWN,0.06,172.41,0.06,0.07
2026-01-14 13:42:24,155,"Bitcoin Up or Down - January 14, 12:30AM-12:45AM ET",price_change,UP,0.92,333.42,0.93,0.94
2026-01-14 13:42:25,154,"Bitcoin Up or Down - January 14, 12:30AM-12:45AM ET",price_change,DOWN,0.06,261.16,0.07,0.08
2026-01-14 13:42:25,154,"Bitcoin Up or Down - January 14, 12:30AM-12:45AM ET",price_change,UP,0.92,229.92,0.92,0.93
2026-01-14 13:42:26,153,"Bitcoin Up or Down - January 14, 12:30AM-12:45AM ET",price_change,UP,0.88,900.18,0.92,0.94
2026-01-14 13:42:26,153,"Bitcoin Up or Down - January 14, 12:30AM-12:45AM ET",price_change,DOWN,0.05,3580.61,0.06,0.08
2026-01-14 13:42:27,152,"Bitcoin Up or Down - January 14, 12:30AM-12:45AM ET",price_change,UP,0.92,32.5,0.92,0.93
2026-01-14 13:42:27,152,"Bitcoin Up or Down - January 14, 12:30AM-12:45AM ET",price_change,DOWN,0.07,145.08,0.07,0.08
2026-01-14 13:42:28,151,"Bitcoin Up or Down - January 14, 12:30AM-12:45AM ET",price_change,UP,0.68,756.24,0.92,0.93
2026-01-14 13:42:28,151,"Bitcoin Up or Down - January 14, 12:30AM-12:45AM ET",price_change,DOWN,0.02,114510.97,0.07,0.08
2026-01-14 13:42:29,150,"Bitcoin Up or Down - January 14, 12:30AM-12:45AM ET",price_change,UP,0.91,1137.92,0.92,0.93
2026-01-14 13:42:29,150,"Bitcoin Up or Down - January 14, 12:30AM-12:45AM ET",price_change,DOWN,0.03,136743.91,0.07,0.08
2026-01-14 13:42:30,149,"Bitcoin Up or Down - January 14, 12:30AM-12:45AM ET",price_change,UP,0.91,429.74,0.91,0.92
2026-01-14 13:42:30,149,"Bitcoin Up or Down - January 14, 12:30AM-12:45AM ET",price_change,DOWN,0.07,288.92,0.08,0.09
2026-01-14 13:42:31,148,"Bitcoin Up or Down - January 14, 12:30AM-12:45AM ET",price_change,UP,0.87,665.89,0.89,0.91
2026-01-14 13:42:31,148,"Bitcoin Up or Down - January 14, 12:30AM-12:45AM ET",price_change,DOWN,0.08,756.6,0.09,0.11
2026-01-14 13:42:32,147,"Bitcoin Up or Down - January 14, 12:30AM-12:45AM ET",price_change,DOWN,0.03,136907.99,0.09,0.1
2026-01-14 13:42:32,147,"Bitcoin Up or Down - January 14, 12:30AM-12:45AM ET",price_change,UP,0.87,471,0.9,0.91
2026-01-14 13:42:33,146,"Bitcoin Up or Down - January 14, 12:30AM-12:45AM ET",price_change,UP,0.85,1583.87,0.9,0.91
2026-01-14 13:42:33,146,"Bitcoin Up or Down - January 14, 12:30AM-12:45AM ET",price_change,DOWN,0.03,136770.99,0.09,0.1
2026-01-14 13:42:34,145,"Bitcoin Up or Down - January 14, 12:30AM-12:45AM ET",price_change,UP,0.65,982,0.9,0.91
2026-01-14 13:42:34,145,"Bitcoin Up or Down - January 14, 12:30AM-12:45AM ET",price_change,DOWN,0.04,1273.92,0.09,0.1
2026-01-14 13:42:35,144,"Bitcoin Up or Down - January 14, 12:30AM-12:45AM ET",price_change,UP,0.65,982,0.9,0.91
2026-01-14 13:42:35,144,"Bitcoin Up or Down - January 14, 12:30AM-12:45AM ET",price_change,DOWN,0.04,1290.92,0.09,0.1
2026-01-14 13:42:36,143,"Bitcoin Up or Down - January 14, 12:30AM-12:45AM ET",price_change,UP,0.87,651.34,0.9,0.91
2026-01-14 13:42:36,143,"Bitcoin Up or Down - January 14, 12:30AM-12:45AM ET",price_change,DOWN,0.05,2919.53,0.09,0.1
2026-01-14 13:42:37,142,"Bitcoin Up or Down - January 14, 12:30AM-12:45AM ET",price_change,DOWN,0.07,919,0.09,0.1
2026-01-14 13:42:37,142,"Bitcoin Up or Down - January 14, 12:30AM-12:45AM ET",price_change,UP,0.87,589.92,0.9,0.91
2026-01-14 13:42:38,141,"Bitcoin Up or Down - January 14, 12:30AM-12:45AM ET",price_change,UP,0.85,1612.87,0.9,0.91
2026-01-14 13:42:38,141,"Bitcoin Up or Down - January 14, 12:30AM-12:45AM ET",price_change,DOWN,0.05,2790.61,0.09,0.1
2026-01-14 13:42:39,140,"Bitcoin Up or Down - January 14, 12:30AM-12:45AM ET",price_change,UP,0.88,0,0.86,0.91
2026-01-14 13:42:39,140,"Bitcoin Up or Down - January 14, 12:30AM-12:45AM ET",price_change,DOWN,0.03,136757.91,0.09,0.14
2026-01-14 13:42:40,139,"Bitcoin Up or Down - January 14, 12:30AM-12:45AM ET",price_change,UP,0.7,942.73,0.9,0.91
2026-01-14 13:42:40,139,"Bitcoin Up or Down - January 14, 12:30AM-12:45AM ET",price_change,DOWN,0.05,2801.61,0.09,0.1
2026-01-14 13:42:41,138,"Bitcoin Up or Down - January 14, 12:30AM-12:45AM ET",price_change,DOWN,0.09,196.42,0.09,0.1
2026-01-14 13:42:41,138,"Bitcoin Up or Down - January 14, 12:30AM-12:45AM ET",price_change,UP,0.84,1249.62,0.9,0.91
2026-01-14 13:42:42,137,"Bitcoin Up or Down - January 14, 12:30AM-12:45AM ET",price_change,UP,0.87,123.99,0.9,0.91
2026-01-14 13:42:42,137,"Bitcoin Up or Down - January 14, 12:30AM-12:45AM ET",price_change,DOWN,0.09,183.42,0.09,0.1
2026-01-14 13:42:43,136,"Bitcoin Up or Down - January 14, 12:30AM-12:45AM ET",price_change,UP,0.69,2208,0.89,0.91
2026-01-14 13:42:43,136,"Bitcoin Up or Down - January 14, 12:30AM-12:45AM ET",price_change,DOWN,0.08,1101.14,0.09,0.11
2026-01-14 13:42:44,135,"Bitcoin Up or Down - January 14, 12:30AM-12:45AM ET",price_change,UP,0.87,1067.27,0.89,0.9
2026-01-14 13:42:44,135,"Bitcoin Up or Down - January 14, 12:30AM-12:45AM ET",price_change,DOWN,0.1,72.09,0.1,0.11
2026-01-14 13:42:45,134,"Bitcoin Up or Down - January 14, 12:30AM-12:45AM ET",price_change,UP,0.87,10.82,0.87,0.88
2026-01-14 13:42:45,134,"Bitcoin Up or Down - January 14, 12:30AM-12:45AM ET",price_change,DOWN,0.1,204.7,0.12,0.13
2026-01-14 13:42:46,133,"Bitcoin Up or Down - January 14, 12:30AM-12:45AM ET",price_change,DOWN,0.07,1253.92,0.13,0.14
2026-01-14 13:42:46,133,"Bitcoin Up or Down - January 14, 12:30AM-12:45AM ET",price_change,UP,0.86,98.97,0.86,0.87
2026-01-14 13:42:47,132,"Bitcoin Up or Down - January 14, 12:30AM-12:45AM ET",price_change,DOWN,0.06,831.17,0.13,0.14
2026-01-14 13:42:47,132,"Bitcoin Up or Down - January 14, 12:30AM-12:45AM ET",price_change,UP,0.86,272.76,0.86,0.88
2026-01-14 13:42:48,131,"Bitcoin Up or Down - January 14, 12:30AM-12:45AM ET",price_change,DOWN,0.12,57.02,0.12,0.13
2026-01-14 13:42:48,131,"Bitcoin Up or Down - January 14, 12:30AM-12:45AM ET",price_change,UP,0.83,957.21,0.87,0.88
2026-01-14 13:42:49,130,"Bitcoin Up or Down - January 14, 12:30AM-12:45AM ET",price_change,UP,0.88,10,0.88,0.89
2026-01-14 13:42:49,130,"Bitcoin Up or Down - January 14, 12:30AM-12:45AM ET",price_change,DOWN,0.08,1262.06,0.11,0.12
2026-01-14 13:42:50,129,"Bitcoin Up or Down - January 14, 12:30AM-12:45AM ET",price_change,UP,0.83,814.99,0.88,0.89
2026-01-14 13:42:50,129,"Bitcoin Up or Down - January 14, 12:30AM-12:45AM ET",price_change,DOWN,0.11,1426.87,0.11,0.12
2026-01-14 13:42:51,128,"Bitcoin Up or Down - January 14, 12:30AM-12:45AM ET",price_change,UP,0.81,685.88,0.83,0.84
2026-01-14 13:42:51,128,"Bitcoin Up or Down - January 14, 12:30AM-12:45AM ET",price_change,DOWN,0.11,1870.37,0.16,0.17
2026-01-14 13:42:52,127,"Bitcoin Up or Down - January 14, 12:30AM-12:45AM ET",price_change,UP,0.64,2176,0.83,0.84
2026-01-14 13:42:52,127,"Bitcoin Up or Down - January 14, 12:30AM-12:45AM ET",price_change,DOWN,0.13,755.92,0.16,0.17
2026-01-14 13:42:53,126,"Bitcoin Up or Down - January 14, 12:30AM-12:45AM ET",price_change,DOWN,0.13,769.67,0.15,0.16
2026-01-14 13:42:53,126,"Bitcoin Up or Down - January 14, 12:30AM-12:45AM ET",price_change,UP,0.82,325.14,0.84,0.85
2026-01-14 13:42:54,125,"Bitcoin Up or Down - January 14, 12:30AM-12:45AM ET",price_change,UP,0.82,464.06,0.84,0.85
2026-01-14 13:42:54,125,"Bitcoin Up or Down - January 14, 12:30AM-12:45AM ET",price_change,DOWN,0.11,1226.29,0.15,0.16
2026-01-14 13:42:55,124,"Bitcoin Up or Down - January 14, 12:30AM-12:45AM ET",price_change,UP,0.8,1651.85,0.84,0.85
2026-01-14 13:42:55,124,"Bitcoin Up or Down - January 14, 12:30AM-12:45AM ET",price_change,DOWN,0.11,1236.29,0.15,0.16
2026-01-14 13:42:56,123,"Bitcoin Up or Down - January 14, 12:30AM-12:45AM ET",price_change,DOWN,0.15,61.16,0.15,0.16
2026-01-14 13:42:56,123,"Bitcoin Up or Down - January 14, 12:30AM-12:45AM ET",price_change,UP,0.81,716.74,0.84,0.85
2026-01-14 13:42:57,122,"Bitcoin Up or Down - January 14, 12:30AM-12:45AM ET",price_change,UP,0.83,87.43,0.83,0.84
2026-01-14 13:42:57,122,"Bitcoin Up or Down - January 14, 12:30AM-12:45AM ET",price_change,DOWN,0.15,214,0.16,0.17
2026-01-14 13:42:58,121,"Bitcoin Up or Down - January 14, 12:30AM-12:45AM ET",price_change,DOWN,0.16,52.57,0.16,0.17
2026-01-14 13:42:58,121,"Bitcoin Up or Down - January 14, 12:30AM-12:45AM ET",price_change,UP,0.65,2211,0.83,0.84
2026-01-14 13:42:59,120,"Bitcoin Up or Down - January 14, 12:30AM-12:45AM ET",price_change,UP,0.8,1595.85,0.84,0.85
2026-01-14 13:42:59,120,"Bitcoin Up or Down - January 14, 12:30AM-12:45AM ET",price_change,DOWN,0.07,1127,0.15,0.16
2026-01-14 13:43:00,119,"Bitcoin Up or Down - January 14, 12:30AM-12:45AM ET",price_change,UP,0.57,986.92,0.84,0.85
2026-01-14 13:43:00,119,"Bitcoin Up or Down - January 14, 12:30AM-12:45AM ET",price_change,DOWN,0.13,219.39,0.15,0.16
2026-01-14 13:43:01,118,"Bitcoin Up or Down - January 14, 12:30AM-12:45AM ET",price_change,UP,0.85,491.92,0.88,0.89
2026-01-14 13:43:01,118,"Bitcoin Up or Down - January 14, 12:30AM-12:45AM ET",price_change,DOWN,0.11,167.67,0.11,0.12
2026-01-14 13:43:02,117,"Bitcoin Up or Down - January 14, 12:30AM-12:45AM ET",price_change,UP,0.87,128.3,0.88,0.89
2026-01-14 13:43:02,117,"Bitcoin Up or Down - January 14, 12:30AM-12:45AM ET",price_change,DOWN,0.08,806.14,0.11,0.12
2026-01-14 13:43:03,116,"Bitcoin Up or Down - January 14, 12:30AM-12:45AM ET",price_change,DOWN,0.11,639.64,0.11,0.12
2026-01-14 13:43:03,116,"Bitcoin Up or Down - January 14, 12:30AM-12:45AM ET",price_change,UP,0.88,803.09,0.88,0.89
2026-01-14 13:43:04,115,"Bitcoin Up or Down - January 14, 12:30AM-12:45AM ET",price_change,DOWN,0.07,965.5,0.11,0.12
2026-01-14 13:43:04,115,"Bitcoin Up or Down - January 14, 12:30AM-12:45AM ET",price_change,UP,0.67,978.24,0.88,0.89
2026-01-14 13:43:05,114,"Bitcoin Up or Down - January 14, 12:30AM-12:45AM ET",price_change,DOWN,0.07,998.5,0.11,0.12
2026-01-14 13:43:05,114,"Bitcoin Up or Down - January 14, 12:30AM-12:45AM ET",price_change,UP,0.58,947.91,0.88,0.89
2026-01-14 13:43:06,113,"Bitcoin Up or Down - January 14, 12:30AM-12:45AM ET",price_change,UP,0.86,314.22,0.88,0.89
2026-01-14 13:43:06,113,"Bitcoin Up or Down - January 14, 12:30AM-12:45AM ET",price_change,DOWN,0.08,822.14,0.11,0.12
2026-01-14 13:43:07,112,"Bitcoin Up or Down - January 14, 12:30AM-12:45AM ET",price_change,DOWN,0.02,115849.97,0.11,0.12
2026-01-14 13:43:07,112,"Bitcoin Up or Down - January 14, 12:30AM-12:45AM ET",price_change,UP,0.88,1865.07,0.88,0.89
2026-01-14 13:43:08,111,"Bitcoin Up or Down - January 14, 12:30AM-12:45AM ET",price_change,DOWN,0.01,115613.22,0.11,0.12
2026-01-14 13:43:08,111,"Bitcoin Up or Down - January 14, 12:30AM-12:45AM ET",price_change,UP,0.88,834.91,0.88,0.89
2026-01-14 13:43:09,110,"Bitcoin Up or Down - January 14, 12:30AM-12:45AM ET",price_change,DOWN,0.11,607.76,0.11,0.12
2026-01-14 13:43:09,110,"Bitcoin Up or Down - January 14, 12:30AM-12:45AM ET",price_change,UP,0.86,546.68,0.88,0.89
2026-01-14 13:43:10,109,"Bitcoin Up or Down - January 14, 12:30AM-12:45AM ET",price_change,UP,0.87,181.22,0.87,0.88
2026-01-14 13:43:10,109,"Bitcoin Up or Down - January 14, 12:30AM-12:45AM ET",price_change,DOWN,0.09,1193.12,0.12,0.13
2026-01-14 13:43:11,108,"Bitcoin Up or Down - January 14, 12:30AM-12:45AM ET",price_change,DOWN,0.12,389.79,0.12,0.13
2026-01-14 13:43:11,108,"Bitcoin Up or Down - January 14, 12:30AM-12:45AM ET",price_change,UP,0.57,996.92,0.87,0.88
2026-01-14 13:43:12,107,"Bitcoin Up or Down - January 14, 12:30AM-12:45AM ET",price_change,DOWN,0.1,759.92,0.13,0.14
2026-01-14 13:43:12,107,"Bitcoin Up or Down - January 14, 12:30AM-12:45AM ET",price_change,UP,0.8,1057.53,0.86,0.87
2026-01-14 13:43:13,106,"Bitcoin Up or Down - January 14, 12:30AM-12:45AM ET",price_change,UP,0.82,160.42,0.84,0.85
2026-01-14 13:43:13,106,"Bitcoin Up or Down - January 14, 12:30AM-12:45AM ET",price_change,DOWN,0.04,673,0.15,0.16
2026-01-14 13:43:14,105,"Bitcoin Up or Down - January 14, 12:30AM-12:45AM ET",price_change,UP,0.7,978.73,0.84,0.85
2026-01-14 13:43:14,105,"Bitcoin Up or Down - January 14, 12:30AM-12:45AM ET",price_change,DOWN,0.1,738.42,0.15,0.16
2026-01-14 13:43:15,104,"Bitcoin Up or Down - January 14, 12:30AM-12:45AM ET",price_change,DOWN,0.16,759.54,0.18,0.19
2026-01-14 13:43:15,104,"Bitcoin Up or Down - January 14, 12:30AM-12:45AM ET",price_change,UP,0.8,509.03,0.81,0.82
2026-01-14 13:43:16,103,"Bitcoin Up or Down - January 14, 12:30AM-12:45AM ET",price_change,DOWN,0.13,1100.42,0.18,0.19
2026-01-14 13:43:16,103,"Bitcoin Up or Down - January 14, 12:30AM-12:45AM ET",price_change,UP,0.8,290.95,0.81,0.82
2026-01-14 13:43:17,102,"Bitcoin Up or Down - January 14, 12:30AM-12:45AM ET",price_change,DOWN,0.17,130,0.18,0.19
2026-01-14 13:43:17,102,"Bitcoin Up or Down - January 14, 12:30AM-12:45AM ET",price_change,UP,0.8,725.95,0.81,0.83
2026-01-14 13:43:18,101,"Bitcoin Up or Down - January 14, 12:30AM-12:45AM ET",price_change,UP,0.81,459.4,0.81,0.82
2026-01-14 13:43:18,101,"Bitcoin Up or Down - January 14, 12:30AM-12:45AM ET",price_change,DOWN,0.11,590.19,0.18,0.19
2026-01-14 13:43:19,100,"Bitcoin Up or Down - January 14, 12:30AM-12:45AM ET",price_change,DOWN,0.15,1455,0.18,0.19
2026-01-14 13:43:19,100,"Bitcoin Up or Down - January 14, 12:30AM-12:45AM ET",price_change,UP,0.54,958.85,0.81,0.82
2026-01-14 13:43:20,99,"Bitcoin Up or Down - January 14, 12:30AM-12:45AM ET",price_change,DOWN,0.13,671,0.16,0.17
2026-01-14 13:43:20,99,"Bitcoin Up or Down - January 14, 12:30AM-12:45AM ET",price_change,UP,0.82,68,0.83,0.84
2026-01-14 13:43:21,98,"Bitcoin Up or Down - January 14, 12:30AM-12:45AM ET",price_change,DOWN,0.1,185.24,0.12,0.13
2026-01-14 13:43:21,98,"Bitcoin Up or Down - January 14, 12:30AM-12:45AM ET",price_change,UP,0.79,831.33,0.87,0.88
2026-01-14 13:43:22,97,"Bitcoin Up or Down - January 14, 12:30AM-12:45AM ET",price_change,UP,0.86,201.06,0.88,0.89
2026-01-14 13:43:22,97,"Bitcoin Up or Down - January 14, 12:30AM-12:45AM ET",price_change,DOWN,0.05,1391,0.11,0.12
2026-01-14 13:43:23,96,"Bitcoin Up or Down - January 14, 12:30AM-12:45AM ET",price_change,DOWN,0.1,737.6,0.12,0.13
2026-01-14 13:43:23,96,"Bitcoin Up or Down - January 14, 12:30AM-12:45AM ET",price_change,UP,0.67,958.24,0.87,0.88
2026-01-14 13:43:24,95,"Bitcoin Up or Down - January 14, 12:30AM-12:45AM ET",price_change,UP,0.87,558.2,0.87,0.88
2026-01-14 13:43:24,95,"Bitcoin Up or Down - January 14, 12:30AM-12:45AM ET",price_change,DOWN,0.06,728.87,0.12,0.13
2026-01-14 13:43:25,94,"Bitcoin Up or Down - January 14, 12:30AM-12:45AM ET",price_change,UP,0.86,126.28,0.88,0.9
2026-01-14 13:43:25,94,"Bitcoin Up or Down - January 14, 12:30AM-12:45AM ET",price_change,DOWN,0.08,903.96,0.1,0.12
2026-01-14 13:43:26,93,"Bitcoin Up or Down - January 14, 12:30AM-12:45AM ET",price_change,UP,0.87,310.92,0.89,0.91
2026-01-14 13:43:26,93,"Bitcoin Up or Down - January 14, 12:30AM-12:45AM ET",price_change,DOWN,0.09,182,0.09,0.11
2026-01-14 13:43:27,92,"Bitcoin Up or Down - January 14, 12:30AM-12:45AM ET",price_change,UP,0.86,501.92,0.89,0.9
2026-01-14 13:43:27,92,"Bitcoin Up or Down - January 14, 12:30AM-12:45AM ET",price_change,DOWN,0.07,1095,0.1,0.11
2026-01-14 13:43:28,91,"Bitcoin Up or Down - January 14, 12:30AM-12:45AM ET",price_change,UP,0.02,4054.4,0.89,0.9
2026-01-14 13:43:28,91,"Bitcoin Up or Down - January 14, 12:30AM-12:45AM ET",price_change,DOWN,0.08,1296.88,0.1,0.11
2026-01-14 13:43:29,90,"Bitcoin Up or Down - January 14, 12:30AM-12:45AM ET",price_change,UP,0.87,264.28,0.89,0.9
2026-01-14 13:43:29,90,"Bitcoin Up or Down - January 14, 12:30AM-12:45AM ET",price_change,DOWN,0.07,1155,0.1,0.11
2026-01-14 13:43:30,89,"Bitcoin Up or Down - January 14, 12:30AM-12:45AM ET",price_change,UP,0.54,958.85,0.88,0.9
2026-01-14 13:43:30,89,"Bitcoin Up or Down - January 14, 12:30AM-12:45AM ET",price_change,DOWN,0.1,737.49,0.1,0.12
2026-01-14 13:43:31,88,"Bitcoin Up or Down - January 14, 12:30AM-12:45AM ET",price_change,UP,0.87,219,0.88,0.9
2026-01-14 13:43:31,88,"Bitcoin Up or Down - January 14, 12:30AM-12:45AM ET",price_change,DOWN,0.1,670.71,0.1,0.12
2026-01-14 13:43:32,87,"Bitcoin Up or Down - January 14, 12:30AM-12:45AM ET",price_change,DOWN,0.08,1152.96,0.1,0.11
2026-01-14 13:43:32,87,"Bitcoin Up or Down - January 14, 12:30AM-12:45AM ET",price_change,UP,0.84,1818.92,0.89,0.9
2026-01-14 13:43:33,86,"Bitcoin Up or Down - January 14, 12:30AM-12:45AM ET",price_change,DOWN,0.09,277.92,0.1,0.11
2026-01-14 13:43:33,86,"Bitcoin Up or Down - January 14, 12:30AM-12:45AM ET",price_change,UP,0.85,1768.01,0.89,0.9
2026-01-14 13:43:34,85,"Bitcoin Up or Down - January 14, 12:30AM-12:45AM ET",price_change,DOWN,0.01,115346.3,0.09,0.1
2026-01-14 13:43:34,85,"Bitcoin Up or Down - January 14, 12:30AM-12:45AM ET",price_change,UP,0.84,1631,0.9,0.91
2026-01-14 13:43:35,84,"Bitcoin Up or Down - January 14, 12:30AM-12:45AM ET",price_change,UP,0.77,1996.94,0.94,0.95
2026-01-14 13:43:35,84,"Bitcoin Up or Down - January 14, 12:30AM-12:45AM ET",price_change,DOWN,0.01,113510.3,0.05,0.06
2026-01-14 13:43:36,83,"Bitcoin Up or Down - January 14, 12:30AM-12:45AM ET",price_change,DOWN,0.01,113627.22,0.05,0.06
2026-01-14 13:43:36,83,"Bitcoin Up or Down - January 14, 12:30AM-12:45AM ET",price_change,UP,0.91,180.38,0.94,0.95
2026-01-14 13:43:37,82,"Bitcoin Up or Down - January 14, 12:30AM-12:45AM ET",price_change,DOWN,0.04,441,0.05,0.06
2026-01-14 13:43:37,82,"Bitcoin Up or Down - January 14, 12:30AM-12:45AM ET",price_change,UP,0.92,778,0.94,0.95
2026-01-14 13:43:38,81,"Bitcoin Up or Down - January 14, 12:30AM-12:45AM ET",price_change,DOWN,0.03,135353.99,0.05,0.06
2026-01-14 13:43:38,81,"Bitcoin Up or Down - January 14, 12:30AM-12:45AM ET",price_change,UP,0.94,8.89,0.94,0.95
2026-01-14 13:43:39,80,"Bitcoin Up or Down - January 14, 12:30AM-12:45AM ET",price_change,UP,0.88,1110.7,0.94,0.95
2026-01-14 13:43:39,80,"Bitcoin Up or Down - January 14, 12:30AM-12:45AM ET",price_change,DOWN,0.03,135278.99,0.05,0.06
2026-01-14 13:43:40,79,"Bitcoin Up or Down - January 14, 12:30AM-12:45AM ET",price_change,DOWN,0.02,114712.78,0.05,0.06
2026-01-14 13:43:40,79,"Bitcoin Up or Down - January 14, 12:30AM-12:45AM ET",price_change,UP,0.67,978.24,0.94,0.95
2026-01-14 13:43:41,78,"Bitcoin Up or Down - January 14, 12:30AM-12:45AM ET",price_change,DOWN,0.01,113554.3,0.05,0.06
2026-01-14 13:43:41,78,"Bitcoin Up or Down - January 14, 12:30AM-12:45AM ET",price_change,UP,0.9,1038.92,0.94,0.95
2026-01-14 13:43:42,77,"Bitcoin Up or Down - January 14, 12:30AM-12:45AM ET",price_change,DOWN,0.04,582.8,0.04,0.06
2026-01-14 13:43:42,77,"Bitcoin Up or Down - January 14, 12:30AM-12:45AM ET",price_change,UP,0.93,695.83,0.94,0.96
2026-01-14 13:43:43,76,"Bitcoin Up or Down - January 14, 12:30AM-12:45AM ET",price_change,UP,0.62,615.15,0.95,0.96
2026-01-14 13:43:43,76,"Bitcoin Up or Down - January 14, 12:30AM-12:45AM ET",price_change,DOWN,0.01,113720.28,0.04,0.05
2026-01-14 13:43:44,75,"Bitcoin Up or Down - January 14, 12:30AM-12:45AM ET",price_change,DOWN,0.04,493.18,0.04,0.05
2026-01-14 13:43:44,75,"Bitcoin Up or Down - January 14, 12:30AM-12:45AM ET",price_change,UP,0.91,503.38,0.95,0.96
2026-01-14 13:43:45,74,"Bitcoin Up or Down - January 14, 12:30AM-12:45AM ET",price_change,UP,0.9,967,0.95,0.96
2026-01-14 13:43:45,74,"Bitcoin Up or Down - January 14, 12:30AM-12:45AM ET",price_change,DOWN,0.02,114727.78,0.04,0.05
2026-01-14 13:43:46,73,"Bitcoin Up or Down - January 14, 12:30AM-12:45AM ET",price_change,UP,0.8,484.03,0.95,0.96
2026-01-14 13:43:46,73,"Bitcoin Up or Down - January 14, 12:30AM-12:45AM ET",price_change,DOWN,0.01,113715.28,0.04,0.05
2026-01-14 13:43:47,72,"Bitcoin Up or Down - January 14, 12:30AM-12:45AM ET",price_change,DOWN,0.01,113715.28,0.04,0.05
2026-01-14 13:43:47,72,"Bitcoin Up or Down - January 14, 12:30AM-12:45AM ET",price_change,UP,0.9,982,0.95,0.96
2026-01-14 13:43:48,71,"Bitcoin Up or Down - January 14, 12:30AM-12:45AM ET",price_change,DOWN,0.01,113744.28,0.04,0.05
2026-01-14 13:43:48,71,"Bitcoin Up or Down - January 14, 12:30AM-12:45AM ET",price_change,UP,0.9,982,0.95,0.96
2026-01-14 13:43:49,70,"Bitcoin Up or Down - January 14, 12:30AM-12:45AM ET",price_change,UP,0.95,305.18,0.95,0.96
2026-01-14 13:43:49,70,"Bitcoin Up or Down - January 14, 12:30AM-12:45AM ET",price_change,DOWN,0.01,113744.28,0.04,0.05
2026-01-14 13:43:50,69,"Bitcoin Up or Down - January 14, 12:30AM-12:45AM ET",price_change,UP,0.96,240.04,0.96,0.97
2026-01-14 13:43:50,69,"Bitcoin Up or Down - January 14, 12:30AM-12:45AM ET",price_change,DOWN,0.02,112856.78,0.03,0.04
2026-01-14 13:43:51,68,"Bitcoin Up or Down - January 14, 12:30AM-12:45AM ET",price_change,UP,0.96,491.19,0.96,0.97
2026-01-14 13:43:51,68,"Bitcoin Up or Down - January 14, 12:30AM-12:45AM ET",price_change,DOWN,0.01,115269.28,0.03,0.04
2026-01-14 13:43:52,67,"Bitcoin Up or Down - January 14, 12:30AM-12:45AM ET",price_change,UP,0.94,419,0.95,0.96
2026-01-14 13:43:52,67,"Bitcoin Up or Down - January 14, 12:30AM-12:45AM ET",price_change,DOWN,0.01,115169.28,0.04,0.05
2026-01-14 13:43:53,66,"Bitcoin Up or Down - January 14, 12:30AM-12:45AM ET",price_change,UP,0.89,406.84,0.96,0.97
2026-01-14 13:43:53,66,"Bitcoin Up or Down - January 14, 12:30AM-12:45AM ET",price_change,DOWN,0.02,113004.78,0.03,0.04
2026-01-14 13:43:54,65,"Bitcoin Up or Down - January 14, 12:30AM-12:45AM ET",price_change,UP,0.7,400.73,0.96,0.97
2026-01-14 13:43:54,65,"Bitcoin Up or Down - January 14, 12:30AM-12:45AM ET",price_change,DOWN,0.03,133968,0.03,0.04
2026-01-14 13:43:55,64,"Bitcoin Up or Down - January 14, 12:30AM-12:45AM ET",price_change,DOWN,0.01,115192.28,0.03,0.04
2026-01-14 13:43:55,64,"Bitcoin Up or Down - January 14, 12:30AM-12:45AM ET",price_change,UP,0.7,390.73,0.96,0.97
2026-01-14 13:43:56,63,"Bitcoin Up or Down - January 14, 12:30AM-12:45AM ET",price_change,DOWN,0.03,132954.82,0.04,0.05
2026-01-14 13:43:56,63,"Bitcoin Up or Down - January 14, 12:30AM-12:45AM ET",price_change,UP,0.88,399,0.95,0.96
2026-01-14 13:43:57,62,"Bitcoin Up or Down - January 14, 12:30AM-12:45AM ET",price_change,DOWN,0.04,28.95,0.04,0.05
2026-01-14 13:43:57,62,"Bitcoin Up or Down - January 14, 12:30AM-12:45AM ET",price_change,UP,0.95,675.12,0.95,0.96
2026-01-14 13:43:58,61,"Bitcoin Up or Down - January 14, 12:30AM-12:45AM ET",price_change,UP,0.93,561.83,0.96,0.97
2026-01-14 13:43:58,61,"Bitcoin Up or Down - January 14, 12:30AM-12:45AM ET",price_change,DOWN,0.03,131517.91,0.03,0.04
2026-01-14 13:43:59,60,"Bitcoin Up or Down - January 14, 12:30AM-12:45AM ET",price_change,DOWN,0.03,130679.05,0.03,0.04
2026-01-14 13:43:59,60,"Bitcoin Up or Down - January 14, 12:30AM-12:45AM ET",price_change,UP,0.92,486.92,0.96,0.97
2026-01-14 13:44:00,59,"Bitcoin Up or Down - January 14, 12:30AM-12:45AM ET",price_change,DOWN,0.03,130607.64,0.03,0.04
2026-01-14 13:44:00,59,"Bitcoin Up or Down - January 14, 12:30AM-12:45AM ET",price_change,UP,0.42,435.66,0.96,0.97
2026-01-14 13:44:01,58,"Bitcoin Up or Down - January 14, 12:30AM-12:45AM ET",price_change,DOWN,0.03,130502.03,0.03,0.04
2026-01-14 13:44:01,58,"Bitcoin Up or Down - January 14, 12:30AM-12:45AM ET",price_change,UP,0.93,564.83,0.96,0.97
2026-01-14 13:44:02,57,"Bitcoin Up or Down - January 14, 12:30AM-12:45AM ET",price_change,UP,0.96,1231.92,0.96,0.97
2026-01-14 13:44:02,57,"Bitcoin Up or Down - January 14, 12:30AM-12:45AM ET",price_change,DOWN,0.03,130287.95,0.03,0.04
2026-01-14 13:44:03,56,"Bitcoin Up or Down - January 14, 12:30AM-12:45AM ET",price_change,UP,0.95,596.2,0.96,0.97
2026-01-14 13:44:03,56,"Bitcoin Up or Down - January 14, 12:30AM-12:45AM ET",price_change,DOWN,0.01,113352.11,0.03,0.04
2026-01-14 13:44:04,55,"Bitcoin Up or Down - January 14, 12:30AM-12:45AM ET",price_change,DOWN,0.03,125298.04,0.03,0.04
2026-01-14 13:44:04,55,"Bitcoin Up or Down - January 14, 12:30AM-12:45AM ET",price_change,UP,0.96,4312.16,0.96,0.97
2026-01-14 13:44:05,54,"Bitcoin Up or Down - January 14, 12:30AM-12:45AM ET",price_change,UP,0.86,385,0.96,0.97
2026-01-14 13:44:05,54,"Bitcoin Up or Down - January 14, 12:30AM-12:45AM ET",price_change,DOWN,0.03,125088.34,0.03,0.04
2026-01-14 13:44:06,53,"Bitcoin Up or Down - January 14, 12:30AM-12:45AM ET",price_change,UP,0.01,14288.8,0.96,0.97
2026-01-14 13:44:06,53,"Bitcoin Up or Down - January 14, 12:30AM-12:45AM ET",price_change,DOWN,0.03,124941.73,0.03,0.04
2026-01-14 13:44:07,52,"Bitcoin Up or Down - January 14, 12:30AM-12:45AM ET",price_change,DOWN,0.01,113350.11,0.03,0.04
2026-01-14 13:44:07,52,"Bitcoin Up or Down - January 14, 12:30AM-12:45AM ET",price_change,UP,0.89,414.84,0.96,0.97
2026-01-14 13:44:08,51,"Bitcoin Up or Down - January 14, 12:30AM-12:45AM ET",price_change,UP,0.94,562.2,0.96,0.97
2026-01-14 13:44:08,51,"Bitcoin Up or Down - January 14, 12:30AM-12:45AM ET",price_change,DOWN,0.02,112886.38,0.03,0.04
2026-01-14 13:44:09,50,"Bitcoin Up or Down - January 14, 12:30AM-12:45AM ET",price_change,DOWN,0.03,125595.37,0.03,0.04
2026-01-14 13:44:09,50,"Bitcoin Up or Down - January 14, 12:30AM-12:45AM ET",price_change,UP,0.93,124.92,0.96,0.97
2026-01-14 13:44:10,49,"Bitcoin Up or Down - January 14, 12:30AM-12:45AM ET",price_change,UP,0.93,187.83,0.96,0.97
2026-01-14 13:44:10,49,"Bitcoin Up or Down - January 14, 12:30AM-12:45AM ET",price_change,DOWN,0.01,113753.02,0.03,0.04
2026-01-14 13:44:11,48,"Bitcoin Up or Down - January 14, 12:30AM-12:45AM ET",price_change,UP,0.93,237.11,0.95,0.96
2026-01-14 13:44:11,48,"Bitcoin Up or Down - January 14, 12:30AM-12:45AM ET",price_change,DOWN,0.02,113735.87,0.04,0.05
2026-01-14 13:44:12,47,"Bitcoin Up or Down - January 14, 12:30AM-12:45AM ET",price_change,UP,0.92,121.92,0.95,0.96
2026-01-14 13:44:12,47,"Bitcoin Up or Down - January 14, 12:30AM-12:45AM ET",price_change,DOWN,0.03,125068.31,0.04,0.05
2026-01-14 13:44:13,46,"Bitcoin Up or Down - January 14, 12:30AM-12:45AM ET",price_change,UP,0.91,730.38,0.95,0.96
2026-01-14 13:44:13,46,"Bitcoin Up or Down - January 14, 12:30AM-12:45AM ET",price_change,DOWN,0.04,4849,0.04,0.05
2026-01-14 13:44:14,45,"Bitcoin Up or Down - January 14, 12:30AM-12:45AM ET",price_change,DOWN,0.01,113668.1,0.04,0.05
2026-01-14 13:44:14,45,"Bitcoin Up or Down - January 14, 12:30AM-12:45AM ET",price_change,UP,0.62,53.15,0.95,0.96
2026-01-14 13:44:15,44,"Bitcoin Up or Down - January 14, 12:30AM-12:45AM ET",price_change,UP,0.91,503.38,0.95,0.96
2026-01-14 13:44:15,44,"Bitcoin Up or Down - January 14, 12:30AM-12:45AM ET",price_change,DOWN,0.03,124753.95,0.04,0.05
2026-01-14 13:44:16,43,"Bitcoin Up or Down - January 14, 12:30AM-12:45AM ET",price_change,DOWN,0.01,113651.02,0.04,0.05
2026-01-14 13:44:16,43,"Bitcoin Up or Down - January 14, 12:30AM-12:45AM ET",price_change,UP,0.01,14283.8,0.95,0.96
2026-01-14 13:44:17,42,"Bitcoin Up or Down - January 14, 12:30AM-12:45AM ET",price_change,UP,0.94,516.92,0.96,0.97
2026-01-14 13:44:17,42,"Bitcoin Up or Down - January 14, 12:30AM-12:45AM ET",price_change,DOWN,0.01,113157.1,0.03,0.04
2026-01-14 13:44:18,41,"Bitcoin Up or Down - January 14, 12:30AM-12:45AM ET",price_change,UP,0.94,541.92,0.95,0.97
2026-01-14 13:44:18,41,"Bitcoin Up or Down - January 14, 12:30AM-12:45AM ET",price_change,DOWN,0.03,123971.36,0.03,0.04
2026-01-14 13:44:19,40,"Bitcoin Up or Down - January 14, 12:30AM-12:45AM ET",price_change,UP,0.71,486.04,0.96,0.97
2026-01-14 13:44:19,40,"Bitcoin Up or Down - January 14, 12:30AM-12:45AM ET",price_change,DOWN,0.01,114783.02,0.03,0.04
2026-01-14 13:44:20,39,"Bitcoin Up or Down - January 14, 12:30AM-12:45AM ET",price_change,UP,0.93,546.83,0.96,0.97
2026-01-14 13:44:20,39,"Bitcoin Up or Down - January 14, 12:30AM-12:45AM ET",price_change,DOWN,0.03,123829.42,0.03,0.04
2026-01-14 13:44:21,38,"Bitcoin Up or Down - January 14, 12:30AM-12:45AM ET",price_change,UP,0.01,14289.64,0.96,0.97
2026-01-14 13:44:22,38,"Bitcoin Up or Down - January 14, 12:30AM-12:45AM ET",price_change,DOWN,0.03,123807.78,0.03,0.04
2026-01-14 13:44:22,37,"Bitcoin Up or Down - January 14, 12:30AM-12:45AM ET",price_change,UP,0.96,850.13,0.96,0.97
2026-01-14 13:44:22,37,"Bitcoin Up or Down - January 14, 12:30AM-12:45AM ET",price_change,DOWN,0.03,123730.85,0.03,0.04
2026-01-14 13:44:23,36,"Bitcoin Up or Down - January 14, 12:30AM-12:45AM ET",price_change,DOWN,0.01,113133.1,0.03,0.04
2026-01-14 13:44:23,36,"Bitcoin Up or Down - January 14, 12:30AM-12:45AM ET",price_change,UP,0.95,491,0.96,0.97
2026-01-14 13:44:24,35,"Bitcoin Up or Down - January 14, 12:30AM-12:45AM ET",price_change,UP,0.91,409.46,0.96,0.97
2026-01-14 13:44:24,35,"Bitcoin Up or Down - January 14, 12:30AM-12:45AM ET",price_change,DOWN,0.03,122220.31,0.03,0.04
2026-01-14 13:44:25,34,"Bitcoin Up or Down - January 14, 12:30AM-12:45AM ET",price_change,DOWN,0.01,113419.1,0.03,0.04
2026-01-14 13:44:25,34,"Bitcoin Up or Down - January 14, 12:30AM-12:45AM ET",price_change,UP,0.9,1604.7,0.96,0.97
2026-01-14 13:44:26,33,"Bitcoin Up or Down - January 14, 12:30AM-12:45AM ET",price_change,UP,0.94,587.2,0.96,0.97
2026-01-14 13:44:26,33,"Bitcoin Up or Down - January 14, 12:30AM-12:45AM ET",price_change,DOWN,0.03,121682.28,0.03,0.04
2026-01-14 13:44:27,32,"Bitcoin Up or Down - January 14, 12:30AM-12:45AM ET",price_change,UP,0.91,409.46,0.96,0.97
2026-01-14 13:44:27,32,"Bitcoin Up or Down - January 14, 12:30AM-12:45AM ET",price_change,DOWN,0.03,120928.13,0.03,0.04
2026-01-14 13:44:28,31,"Bitcoin Up or Down - January 14, 12:30AM-12:45AM ET",price_change,UP,0.96,1079.79,0.96,0.97
2026-01-14 13:44:28,31,"Bitcoin Up or Down - January 14, 12:30AM-12:45AM ET",price_change,DOWN,0.03,105619.06,0.03,0.04
2026-01-14 13:44:29,30,"Bitcoin Up or Down - January 14, 12:30AM-12:45AM ET",price_change,DOWN,0.04,2889.98,0.04,0.05
2026-01-14 13:44:29,30,"Bitcoin Up or Down - January 14, 12:30AM-12:45AM ET",price_change,UP,0.42,435.66,0.95,0.96
2026-01-14 13:44:30,29,"Bitcoin Up or Down - January 14, 12:30AM-12:45AM ET",price_change,UP,0.95,480,0.96,0.97
2026-01-14 13:44:30,29,"Bitcoin Up or Down - January 14, 12:30AM-12:45AM ET",price_change,DOWN,0.03,72780.23,0.03,0.04
2026-01-14 13:44:31,28,"Bitcoin Up or Down - January 14, 12:30AM-12:45AM ET",price_change,UP,0.71,496.04,0.96,0.97
2026-01-14 13:44:31,28,"Bitcoin Up or Down - January 14, 12:30AM-12:45AM ET",price_change,DOWN,0.03,72499.59,0.03,0.04
2026-01-14 13:44:32,27,"Bitcoin Up or Down - January 14, 12:30AM-12:45AM ET",price_change,UP,0.95,442,0.96,0.97
2026-01-14 13:44:33,27,"Bitcoin Up or Down - January 14, 12:30AM-12:45AM ET",price_change,DOWN,0.03,72292.77,0.03,0.04
2026-01-14 13:44:33,26,"Bitcoin Up or Down - January 14, 12:30AM-12:45AM ET",price_change,DOWN,0.03,72255.87,0.03,0.04
2026-01-14 13:44:33,26,"Bitcoin Up or Down - January 14, 12:30AM-12:45AM ET",price_change,UP,0.71,486.04,0.96,0.97
2026-01-14 13:44:34,25,"Bitcoin Up or Down - January 14, 12:30AM-12:45AM ET",price_change,DOWN,0.03,71356.87,0.03,0.04
2026-01-14 13:44:34,25,"Bitcoin Up or Down - January 14, 12:30AM-12:45AM ET",price_change,UP,0.96,179.74,0.96,0.97
2026-01-14 13:44:35,24,"Bitcoin Up or Down - January 14, 12:30AM-12:45AM ET",price_change,DOWN,0.03,69402.16,0.03,0.04
2026-01-14 13:44:35,24,"Bitcoin Up or Down - January 14, 12:30AM-12:45AM ET",price_change,UP,0.95,1166,0.96,0.97
2026-01-14 13:44:36,23,"Bitcoin Up or Down - January 14, 12:30AM-12:45AM ET",price_change,UP,0.93,485.31,0.96,0.97
2026-01-14 13:44:36,23,"Bitcoin Up or Down - January 14, 12:30AM-12:45AM ET",price_change,DOWN,0.03,69072.49,0.03,0.04
2026-01-14 13:44:37,22,"Bitcoin Up or Down - January 14, 12:30AM-12:45AM ET",price_change,UP,0.96,16.95,0.96,0.97
2026-01-14 13:44:37,22,"Bitcoin Up or Down - January 14, 12:30AM-12:45AM ET",price_change,DOWN,0.03,68873.85,0.03,0.04
2026-01-14 13:44:38,21,"Bitcoin Up or Down - January 14, 12:30AM-12:45AM ET",price_change,UP,0.94,564.2,0.96,0.97
2026-01-14 13:44:38,21,"Bitcoin Up or Down - January 14, 12:30AM-12:45AM ET",price_change,DOWN,0.03,68736.07,0.03,0.04
2026-01-14 13:44:39,20,"Bitcoin Up or Down - January 14, 12:30AM-12:45AM ET",price_change,DOWN,0.03,68599.77,0.03,0.04
2026-01-14 13:44:39,20,"Bitcoin Up or Down - January 14, 12:30AM-12:45AM ET",price_change,UP,0.96,21.95,0.96,0.97
2026-01-14 13:44:40,19,"Bitcoin Up or Down - January 14, 12:30AM-12:45AM ET",price_change,DOWN,0.03,68351.4,0.03,0.04
2026-01-14 13:44:40,19,"Bitcoin Up or Down - January 14, 12:30AM-12:45AM ET",price_change,UP,0.42,430.66,0.96,0.97
2026-01-14 13:44:41,18,"Bitcoin Up or Down - January 14, 12:30AM-12:45AM ET",price_change,UP,0.95,512.26,0.95,0.97
2026-01-14 13:44:41,18,"Bitcoin Up or Down - January 14, 12:30AM-12:45AM ET",price_change,DOWN,0.03,66552.89,0.03,0.05
2026-01-14 13:44:42,17,"Bitcoin Up or Down - January 14, 12:30AM-12:45AM ET",price_change,UP,0.71,486.04,0.96,0.97
2026-01-14 13:44:42,17,"Bitcoin Up or Down - January 14, 12:30AM-12:45AM ET",price_change,DOWN,0.03,66480.42,0.03,0.04
2026-01-14 13:44:43,16,"Bitcoin Up or Down - January 14, 12:30AM-12:45AM ET",price_change,UP,0.71,486.04,0.96,0.97
2026-01-14 13:44:43,16,"Bitcoin Up or Down - January 14, 12:30AM-12:45AM ET",price_change,DOWN,0.03,66308.27,0.03,0.04
2026-01-14 13:44:44,15,"Bitcoin Up or Down - January 14, 12:30AM-12:45AM ET",price_change,UP,0.71,486.04,0.96,0.97
2026-01-14 13:44:44,15,"Bitcoin Up or Down - January 14, 12:30AM-12:45AM ET",price_change,DOWN,0.03,64993.47,0.03,0.04
2026-01-14 13:44:45,14,"Bitcoin Up or Down - January 14, 12:30AM-12:45AM ET",price_change,DOWN,0.03,64594.88,0.03,0.04
2026-01-14 13:44:45,14,"Bitcoin Up or Down - January 14, 12:30AM-12:45AM ET",price_change,UP,0.95,507.31,0.96,0.97
2026-01-14 13:44:46,13,"Bitcoin Up or Down - January 14, 12:30AM-12:45AM ET",price_change,DOWN,0.03,63066.08,0.03,0.04
2026-01-14 13:44:46,13,"Bitcoin Up or Down - January 14, 12:30AM-12:45AM ET",price_change,UP,0.95,507.26,0.96,0.97
2026-01-14 13:44:47,12,"Bitcoin Up or Down - January 14, 12:30AM-12:45AM ET",price_change,DOWN,0.03,61880.93,0.03,0.04
2026-01-14 13:44:47,12,"Bitcoin Up or Down - January 14, 12:30AM-12:45AM ET",price_change,UP,0.95,21.6,0.95,0.97
2026-01-14 13:44:48,11,"Bitcoin Up or Down - January 14, 12:30AM-12:45AM ET",price_change,UP,0.79,400,0.93,0.94
2026-01-14 13:44:48,11,"Bitcoin Up or Down - January 14, 12:30AM-12:45AM ET",price_change,DOWN,0.03,62241.29,0.03,0.07
2026-01-14 13:44:49,10,"Bitcoin Up or Down - January 14, 12:30AM-12:45AM ET",price_change,DOWN,0.16,5,0.19,0.25
2026-01-14 13:44:49,10,"Bitcoin Up or Down - January 14, 12:30AM-12:45AM ET",price_change,UP,0.57,145.53,0.75,0.81
2026-01-14 13:44:50,9,"Bitcoin Up or Down - January 14, 12:30AM-12:45AM ET",price_change,DOWN,0.26,348.16,0.26,0.34
2026-01-14 13:44:50,9,"Bitcoin Up or Down - January 14, 12:30AM-12:45AM ET",price_change,UP,0.43,442,0.66,0.67
2026-01-14 13:44:51,8,"Bitcoin Up or Down - January 14, 12:30AM-12:45AM ET",price_change,UP,0.57,40.14,0.57,0.8
2026-01-14 13:44:51,8,"Bitcoin Up or Down - January 14, 12:30AM-12:45AM ET",price_change,DOWN,0.01,115202.12,0.2,0.43
2026-01-14 13:44:52,7,"Bitcoin Up or Down - January 14, 12:30AM-12:45AM ET",price_change,UP,0.54,81.82,0.54,0.57
2026-01-14 13:44:52,7,"Bitcoin Up or Down - January 14, 12:30AM-12:45AM ET",price_change,DOWN,0.08,2854,0.43,0.46
2026-01-14 13:44:53,6,"Bitcoin Up or Down - January 14, 12:30AM-12:45AM ET",price_change,DOWN,0.25,2840.86,0.25,0.46
2026-01-14 13:44:53,6,"Bitcoin Up or Down - January 14, 12:30AM-12:45AM ET",price_change,UP,0.53,182.21,0.54,0.75
2026-01-14 13:44:54,5,"Bitcoin Up or Down - January 14, 12:30AM-12:45AM ET",price_change,UP,0.5,168.58,0.54,0.59
2026-01-14 13:44:54,5,"Bitcoin Up or Down - January 14, 12:30AM-12:45AM ET",price_change,DOWN,0.41,39.01,0.41,0.5
2026-01-14 13:44:55,4,"Bitcoin Up or Down - January 14, 12:30AM-12:45AM ET",price_change,DOWN,0.36,8,0.36,0.5
2026-01-14 13:44:55,4,"Bitcoin Up or Down - January 14, 12:30AM-12:45AM ET",price_change,UP,0.16,0,0.5,0.64
2026-01-14 13:44:56,3,"Bitcoin Up or Down - January 14, 12:30AM-12:45AM ET",price_change,DOWN,0.37,30,0.37,0.56
2026-01-14 13:44:56,3,"Bitcoin Up or Down - January 14, 12:30AM-12:45AM ET",price_change,UP,0.44,4.78,0.44,0.63
2026-01-14 13:44:57,2,"Bitcoin Up or Down - January 14, 12:30AM-12:45AM ET",price_change,UP,0.39,36,0.46,0.64
2026-01-14 13:44:57,2,"Bitcoin Up or Down - January 14, 12:30AM-12:45AM ET",price_change,DOWN,0.36,2688.71,0.36,0.54
2026-01-14 13:44:58,1,"Bitcoin Up or Down - January 14, 12:30AM-12:45AM ET",price_change,UP,0.05,160.02,0.05,0.37
2026-01-14 13:45:02,898,"Bitcoin Up or Down - January 14, 12:45AM-1:00AM ET",price_change,DOWN,0.44,276,0.46,0.47
2026-01-14 13:45:02,898,"Bitcoin Up or Down - January 14, 12:45AM-1:00AM ET",price_change,UP,0.52,639.15,0.53,0.54
2026-01-14 13:45:02,897,"Bitcoin Up or Down - January 14, 12:45AM-1:00AM ET",price_change,UP,0.51,1046.41,0.53,0.54
2026-01-14 13:45:02,897,"Bitcoin Up or Down - January 14, 12:45AM-1:00AM ET",price_change,DOWN,0.45,331.16,0.45,0.47
2026-01-14 13:45:03,896,"Bitcoin Up or Down - January 14, 12:45AM-1:00AM ET",price_change,DOWN,0.45,664.5,0.46,0.47
2026-01-14 13:45:03,896,"Bitcoin Up or Down - January 14, 12:45AM-1:00AM ET",price_change,UP,0.53,778.95,0.53,0.54
2026-01-14 13:45:04,895,"Bitcoin Up or Down - January 14, 12:45AM-1:00AM ET",price_change,UP,0.46,701,0.53,0.54
2026-01-14 13:45:04,895,"Bitcoin Up or Down - January 14, 12:45AM-1:00AM ET",price_change,DOWN,0.43,927,0.46,0.47
2026-01-14 13:45:05,894,"Bitcoin Up or Down - January 14, 12:45AM-1:00AM ET",price_change,DOWN,0.44,449.1,0.46,0.47
2026-01-14 13:45:05,894,"Bitcoin Up or Down - January 14, 12:45AM-1:00AM ET",price_change,UP,0.53,2151.53,0.53,0.54
2026-01-14 13:45:06,893,"Bitcoin Up or Down - January 14, 12:45AM-1:00AM ET",price_change,UP,0.53,2784.33,0.53,0.54
2026-01-14 13:45:06,893,"Bitcoin Up or Down - January 14, 12:45AM-1:00AM ET",price_change,DOWN,0.41,631,0.46,0.47
2026-01-14 13:45:07,892,"Bitcoin Up or Down - January 14, 12:45AM-1:00AM ET",price_change,UP,0.55,440.05,0.55,0.56
2026-01-14 13:45:07,892,"Bitcoin Up or Down - January 14, 12:45AM-1:00AM ET",price_change,DOWN,0.44,124.5,0.44,0.45
2026-01-14 13:45:08,891,"Bitcoin Up or Down - January 14, 12:45AM-1:00AM ET",price_change,DOWN,0.41,539.52,0.43,0.44
2026-01-14 13:45:08,891,"Bitcoin Up or Down - January 14, 12:45AM-1:00AM ET",price_change,UP,0.16,84,0.56,0.57
2026-01-14 13:45:09,890,"Bitcoin Up or Down - January 14, 12:45AM-1:00AM ET",price_change,DOWN,0.42,1.87,0.42,0.43
2026-01-14 13:45:09,890,"Bitcoin Up or Down - January 14, 12:45AM-1:00AM ET",price_change,UP,0.57,967.37,0.57,0.58
2026-01-14 13:45:10,889,"Bitcoin Up or Down - January 14, 12:45AM-1:00AM ET",price_change,UP,0.52,7864.15,0.57,0.58
2026-01-14 13:45:10,889,"Bitcoin Up or Down - January 14, 12:45AM-1:00AM ET",price_change,DOWN,0.4,640,0.42,0.43
2026-01-14 13:45:11,888,"Bitcoin Up or Down - January 14, 12:45AM-1:00AM ET",price_change,DOWN,0.39,625,0.41,0.43
2026-01-14 13:45:11,888,"Bitcoin Up or Down - January 14, 12:45AM-1:00AM ET",price_change,UP,0.57,1077.98,0.57,0.59
2026-01-14 13:45:12,887,"Bitcoin Up or Down - January 14, 12:45AM-1:00AM ET",price_change,UP,0.55,1097.96,0.58,0.59
2026-01-14 13:45:12,887,"Bitcoin Up or Down - January 14, 12:45AM-1:00AM ET",price_change,DOWN,0.37,1083.92,0.41,0.42
2026-01-14 13:45:13,886,"Bitcoin Up or Down - January 14, 12:45AM-1:00AM ET",price_change,UP,0.58,1108.77,0.58,0.59
2026-01-14 13:45:13,886,"Bitcoin Up or Down - January 14, 12:45AM-1:00AM ET",price_change,DOWN,0.01,13119.03,0.41,0.42
2026-01-14 13:45:14,885,"Bitcoin Up or Down - January 14, 12:45AM-1:00AM ET",price_change,UP,0.5,1258.48,0.58,0.59
2026-01-14 13:45:14,885,"Bitcoin Up or Down - January 14, 12:45AM-1:00AM ET",price_change,DOWN,0.3,930.69,0.41,0.42
2026-01-14 13:45:15,884,"Bitcoin Up or Down - January 14, 12:45AM-1:00AM ET",price_change,UP,0.49,1487.05,0.58,0.59
2026-01-14 13:45:15,884,"Bitcoin Up or Down - January 14, 12:45AM-1:00AM ET",price_change,DOWN,0.37,1132.04,0.41,0.42
2026-01-14 13:45:16,883,"Bitcoin Up or Down - January 14, 12:45AM-1:00AM ET",price_change,DOWN,0.38,890.92,0.41,0.42
2026-01-14 13:45:16,883,"Bitcoin Up or Down - January 14, 12:45AM-1:00AM ET",price_change,UP,0.52,8526.15,0.58,0.59
2026-01-14 13:45:17,882,"Bitcoin Up or Down - January 14, 12:45AM-1:00AM ET",price_change,UP,0.58,1381.51,0.58,0.59
2026-01-14 13:45:17,882,"Bitcoin Up or Down - January 14, 12:45AM-1:00AM ET",price_change,DOWN,0.33,985.06,0.41,0.42
2026-01-14 13:45:18,881,"Bitcoin Up or Down - January 14, 12:45AM-1:00AM ET",price_change,UP,0.19,0,0.58,0.59
2026-01-14 13:45:18,881,"Bitcoin Up or Down - January 14, 12:45AM-1:00AM ET",price_change,DOWN,0.41,855.37,0.41,0.42
2026-01-14 13:45:19,880,"Bitcoin Up or Down - January 14, 12:45AM-1:00AM ET",price_change,UP,0.52,8666.15,0.58,0.59
2026-01-14 13:45:19,880,"Bitcoin Up or Down - January 14, 12:45AM-1:00AM ET",price_change,DOWN,0.41,889.9,0.41,0.42
2026-01-14 13:45:20,879,"Bitcoin Up or Down - January 14, 12:45AM-1:00AM ET",price_change,UP,0.58,1246.12,0.58,0.59
2026-01-14 13:45:20,879,"Bitcoin Up or Down - January 14, 12:45AM-1:00AM ET",price_change,DOWN,0.36,1098.92,0.41,0.42
2026-01-14 13:45:21,878,"Bitcoin Up or Down - January 14, 12:45AM-1:00AM ET",price_change,UP,0.57,1434.93,0.58,0.59
2026-01-14 13:45:21,878,"Bitcoin Up or Down - January 14, 12:45AM-1:00AM ET",price_change,DOWN,0.38,1109.92,0.41,0.42
2026-01-14 13:45:22,877,"Bitcoin Up or Down - January 14, 12:45AM-1:00AM ET",price_change,UP,0.55,762.92,0.58,0.59
2026-01-14 13:45:23,877,"Bitcoin Up or Down - January 14, 12:45AM-1:00AM ET",price_change,DOWN,0.41,845.9,0.41,0.42
2026-01-14 13:45:23,876,"Bitcoin Up or Down - January 14, 12:45AM-1:00AM ET",price_change,UP,0.52,7599.07,0.58,0.59
2026-01-14 13:45:23,876,"Bitcoin Up or Down - January 14, 12:45AM-1:00AM ET",price_change,DOWN,0.41,506.6,0.41,0.42
2026-01-14 13:45:24,875,"Bitcoin Up or Down - January 14, 12:45AM-1:00AM ET",price_change,UP,0.55,873.92,0.58,0.59
2026-01-14 13:45:24,875,"Bitcoin Up or Down - January 14, 12:45AM-1:00AM ET",price_change,DOWN,0.3,917.69,0.41,0.42
2026-01-14 13:45:25,874,"Bitcoin Up or Down - January 14, 12:45AM-1:00AM ET",price_change,DOWN,0.4,480.89,0.4,0.41
2026-01-14 13:45:25,874,"Bitcoin Up or Down - January 14, 12:45AM-1:00AM ET",price_change,UP,0.59,1170,0.59,0.6
2026-01-14 13:45:26,873,"Bitcoin Up or Down - January 14, 12:45AM-1:00AM ET",price_change,DOWN,0.37,440.12,0.39,0.4
2026-01-14 13:45:26,873,"Bitcoin Up or Down - January 14, 12:45AM-1:00AM ET",price_change,UP,0.54,2102,0.6,0.61
2026-01-14 13:45:27,872,"Bitcoin Up or Down - January 14, 12:45AM-1:00AM ET",price_change,DOWN,0.33,1203.98,0.39,0.4
2026-01-14 13:45:27,872,"Bitcoin Up or Down - January 14, 12:45AM-1:00AM ET",price_change,UP,0.59,2211.41,0.6,0.61
