timestamp,left (real time),event,event_type,buy_pick,buy_price,buy_size,buy_best_bid,buy_best_ask
2026-01-14 18:34:45,615,"Bitcoin Up or Down - January 14, 5:30AM-5:45AM ET",price_change,UP,0.36,2707.6,0.45,0.46
2026-01-14 18:34:45,615,"Bitcoin Up or Down - January 14, 5:30AM-5:45AM ET",price_change,DOWN,0.51,1128,0.54,0.55
2026-01-14 18:34:45,614,"Bitcoin Up or Down - January 14, 5:30AM-5:45AM ET",price_change,DOWN,0.54,293.02,0.54,0.55
2026-01-14 18:34:45,614,"Bitcoin Up or Down - January 14, 5:30AM-5:45AM ET",price_change,UP,0.4,1342.4,0.45,0.46
2026-01-14 18:34:46,613,"Bitcoin Up or Down - January 14, 5:30AM-5:45AM ET",price_change,UP,0.44,1780.92,0.45,0.46
2026-01-14 18:34:46,613,"Bitcoin Up or Down - January 14, 5:30AM-5:45AM ET",price_change,DOWN,0.54,390.67,0.54,0.55
2026-01-14 18:34:47,612,"Bitcoin Up or Down - January 14, 5:30AM-5:45AM ET",price_change,UP,0.45,894.85,0.45,0.46
2026-01-14 18:34:47,612,"Bitcoin Up or Down - January 14, 5:30AM-5:45AM ET",price_change,DOWN,0.54,298.27,0.54,0.55
2026-01-14 18:34:48,611,"Bitcoin Up or Down - January 14, 5:30AM-5:45AM ET",price_change,UP,0.45,737.44,0.45,0.46
2026-01-14 18:34:48,611,"Bitcoin Up or Down - January 14, 5:30AM-5:45AM ET",price_change,DOWN,0.48,2467,0.54,0.55
2026-01-14 18:34:49,610,"Bitcoin Up or Down - January 14, 5:30AM-5:45AM ET",price_change,DOWN,0.53,614.55,0.54,0.55
2026-01-14 18:34:49,610,"Bitcoin Up or Down - January 14, 5:30AM-5:45AM ET",price_change,UP,0.42,1385.59,0.45,0.46
2026-01-14 18:34:50,609,"Bitcoin Up or Down - January 14, 5:30AM-5:45AM ET",price_change,DOWN,0.54,1295.5,0.54,0.55
2026-01-14 18:34:50,609,"Bitcoin Up or Down - January 14, 5:30AM-5:45AM ET",price_change,UP,0.45,92.48,0.45,0.46
2026-01-14 18:34:51,608,"Bitcoin Up or Down - January 14, 5:30AM-5:45AM ET",price_change,DOWN,0.55,124,0.55,0.56
2026-01-14 18:34:51,608,"Bitcoin Up or Down - January 14, 5:30AM-5:45AM ET",price_change,UP,0.43,99,0.44,0.45
2026-01-14 18:34:52,607,"Bitcoin Up or Down - January 14, 5:30AM-5:45AM ET",price_change,UP,0.4,1770.5,0.42,0.43
2026-01-14 18:34:52,607,"Bitcoin Up or Down - January 14, 5:30AM-5:45AM ET",price_change,DOWN,0.57,120.34,0.57,0.58
2026-01-14 18:34:53,606,"Bitcoin Up or Down - January 14, 5:30AM-5:45AM ET",price_change,DOWN,0.57,175.5,0.57,0.58
2026-01-14 18:34:53,606,"Bitcoin Up or Down - January 14, 5:30AM-5:45AM ET",price_change,UP,0.34,1437.43,0.42,0.43
2026-01-14 18:34:54,605,"Bitcoin Up or Down - January 14, 5:30AM-5:45AM ET",price_change,UP,0.42,842.52,0.42,0.43
2026-01-14 18:34:54,605,"Bitcoin Up or Down - January 14, 5:30AM-5:45AM ET",price_change,DOWN,0.55,403.51,0.57,0.58
2026-01-14 18:34:55,604,"Bitcoin Up or Down - January 14, 5:30AM-5:45AM ET",price_change,DOWN,0.57,211.48,0.57,0.58
2026-01-14 18:34:55,604,"Bitcoin Up or Down - January 14, 5:30AM-5:45AM ET",price_change,UP,0.38,1383.06,0.42,0.43
2026-01-14 18:34:56,603,"Bitcoin Up or Down - January 14, 5:30AM-5:45AM ET",price_change,UP,0.41,99.5,0.42,0.43
2026-01-14 18:34:56,603,"Bitcoin Up or Down - January 14, 5:30AM-5:45AM ET",price_change,DOWN,0.56,1332,0.57,0.58
2026-01-14 18:34:57,602,"Bitcoin Up or Down - January 14, 5:30AM-5:45AM ET",price_change,DOWN,0.55,1316.33,0.58,0.59
2026-01-14 18:34:57,602,"Bitcoin Up or Down - January 14, 5:30AM-5:45AM ET",price_change,UP,0.37,1419.87,0.41,0.42
2026-01-14 18:34:58,601,"Bitcoin Up or Down - January 14, 5:30AM-5:45AM ET",price_change,DOWN,0.56,1119.64,0.58,0.59
2026-01-14 18:34:58,601,"Bitcoin Up or Down - January 14, 5:30AM-5:45AM ET",price_change,UP,0.41,806.8,0.41,0.42
2026-01-14 18:34:59,600,"Bitcoin Up or Down - January 14, 5:30AM-5:45AM ET",price_change,UP,0.41,1216.47,0.41,0.42
2026-01-14 18:34:59,600,"Bitcoin Up or Down - January 14, 5:30AM-5:45AM ET",price_change,DOWN,0.57,1844,0.58,0.59
2026-01-14 18:35:00,599,"Bitcoin Up or Down - January 14, 5:30AM-5:45AM ET",price_change,UP,0.41,361.65,0.41,0.42
2026-01-14 18:35:00,599,"Bitcoin Up or Down - January 14, 5:30AM-5:45AM ET",price_change,DOWN,0.58,946,0.58,0.59
2026-01-14 18:35:01,598,"Bitcoin Up or Down - January 14, 5:30AM-5:45AM ET",price_change,DOWN,0.56,1015.64,0.58,0.59
2026-01-14 18:35:01,598,"Bitcoin Up or Down - January 14, 5:30AM-5:45AM ET",price_change,UP,0.38,1438.06,0.41,0.42
2026-01-14 18:35:02,597,"Bitcoin Up or Down - January 14, 5:30AM-5:45AM ET",price_change,UP,0.37,2173.87,0.41,0.42
2026-01-14 18:35:02,597,"Bitcoin Up or Down - January 14, 5:30AM-5:45AM ET",price_change,DOWN,0.54,2566,0.58,0.59
2026-01-14 18:35:03,596,"Bitcoin Up or Down - January 14, 5:30AM-5:45AM ET",price_change,UP,0.37,1419.87,0.41,0.42
2026-01-14 18:35:03,596,"Bitcoin Up or Down - January 14, 5:30AM-5:45AM ET",price_change,DOWN,0.54,2512,0.58,0.59
2026-01-14 18:35:04,595,"Bitcoin Up or Down - January 14, 5:30AM-5:45AM ET",price_change,UP,0.41,327.36,0.41,0.42
2026-01-14 18:35:04,595,"Bitcoin Up or Down - January 14, 5:30AM-5:45AM ET",price_change,DOWN,0.57,1101,0.58,0.59
2026-01-14 18:35:05,594,"Bitcoin Up or Down - January 14, 5:30AM-5:45AM ET",price_change,UP,0.37,1574.85,0.4,0.41
2026-01-14 18:35:05,594,"Bitcoin Up or Down - January 14, 5:30AM-5:45AM ET",price_change,DOWN,0.59,255.18,0.59,0.6
2026-01-14 18:35:06,593,"Bitcoin Up or Down - January 14, 5:30AM-5:45AM ET",price_change,DOWN,0.6,606.5,0.6,0.62
2026-01-14 18:35:06,593,"Bitcoin Up or Down - January 14, 5:30AM-5:45AM ET",price_change,UP,0.38,866.42,0.38,0.4
2026-01-14 18:35:07,592,"Bitcoin Up or Down - January 14, 5:30AM-5:45AM ET",price_change,UP,0.39,62.19,0.39,0.4
2026-01-14 18:35:07,592,"Bitcoin Up or Down - January 14, 5:30AM-5:45AM ET",price_change,DOWN,0.36,1434.95,0.6,0.61
2026-01-14 18:35:08,591,"Bitcoin Up or Down - January 14, 5:30AM-5:45AM ET",price_change,DOWN,0.6,1660.36,0.6,0.61
2026-01-14 18:35:08,591,"Bitcoin Up or Down - January 14, 5:30AM-5:45AM ET",price_change,UP,0.37,1241.87,0.39,0.4
2026-01-14 18:35:09,590,"Bitcoin Up or Down - January 14, 5:30AM-5:45AM ET",price_change,DOWN,0.6,2822.45,0.6,0.61
2026-01-14 18:35:09,590,"Bitcoin Up or Down - January 14, 5:30AM-5:45AM ET",price_change,UP,0.34,1489.67,0.39,0.4
2026-01-14 18:35:10,589,"Bitcoin Up or Down - January 14, 5:30AM-5:45AM ET",price_change,UP,0.33,776.83,0.36,0.38
2026-01-14 18:35:10,589,"Bitcoin Up or Down - January 14, 5:30AM-5:45AM ET",price_change,DOWN,0.62,101,0.62,0.63
2026-01-14 18:35:11,588,"Bitcoin Up or Down - January 14, 5:30AM-5:45AM ET",price_change,UP,0.28,1323.4,0.34,0.35
2026-01-14 18:35:11,588,"Bitcoin Up or Down - January 14, 5:30AM-5:45AM ET",price_change,DOWN,0.6,2428.02,0.65,0.66
2026-01-14 18:35:12,587,"Bitcoin Up or Down - January 14, 5:30AM-5:45AM ET",price_change,UP,0.33,904.09,0.33,0.34
2026-01-14 18:35:12,587,"Bitcoin Up or Down - January 14, 5:30AM-5:45AM ET",price_change,DOWN,0.63,458.38,0.66,0.67
2026-01-14 18:35:13,586,"Bitcoin Up or Down - January 14, 5:30AM-5:45AM ET",price_change,UP,0.33,194.59,0.33,0.34
2026-01-14 18:35:13,586,"Bitcoin Up or Down - January 14, 5:30AM-5:45AM ET",price_change,DOWN,0.64,526.97,0.66,0.67
2026-01-14 18:35:14,585,"Bitcoin Up or Down - January 14, 5:30AM-5:45AM ET",price_change,DOWN,0.67,1222.2,0.67,0.68
2026-01-14 18:35:14,585,"Bitcoin Up or Down - January 14, 5:30AM-5:45AM ET",price_change,UP,0.27,1227.6,0.32,0.33
2026-01-14 18:35:15,584,"Bitcoin Up or Down - January 14, 5:30AM-5:45AM ET",price_change,DOWN,0.68,160.36,0.68,0.69
2026-01-14 18:35:15,584,"Bitcoin Up or Down - January 14, 5:30AM-5:45AM ET",price_change,UP,0.29,1639.07,0.31,0.32
2026-01-14 18:35:16,583,"Bitcoin Up or Down - January 14, 5:30AM-5:45AM ET",price_change,DOWN,0.6,2417.55,0.68,0.69
2026-01-14 18:35:16,583,"Bitcoin Up or Down - January 14, 5:30AM-5:45AM ET",price_change,UP,0.29,1795,0.31,0.32
2026-01-14 18:35:17,582,"Bitcoin Up or Down - January 14, 5:30AM-5:45AM ET",price_change,UP,0.27,1151.6,0.31,0.32
2026-01-14 18:35:17,582,"Bitcoin Up or Down - January 14, 5:30AM-5:45AM ET",price_change,DOWN,0.68,1067.18,0.68,0.69
2026-01-14 18:35:18,581,"Bitcoin Up or Down - January 14, 5:30AM-5:45AM ET",price_change,DOWN,0.68,1000.37,0.68,0.69
2026-01-14 18:35:18,581,"Bitcoin Up or Down - January 14, 5:30AM-5:45AM ET",price_change,UP,0.31,142.59,0.31,0.32
2026-01-14 18:35:19,580,"Bitcoin Up or Down - January 14, 5:30AM-5:45AM ET",price_change,UP,0.3,368.04,0.31,0.32
2026-01-14 18:35:19,580,"Bitcoin Up or Down - January 14, 5:30AM-5:45AM ET",price_change,DOWN,0.67,2060.69,0.68,0.69
2026-01-14 18:35:20,579,"Bitcoin Up or Down - January 14, 5:30AM-5:45AM ET",price_change,DOWN,0.64,1074.97,0.68,0.69
2026-01-14 18:35:20,579,"Bitcoin Up or Down - January 14, 5:30AM-5:45AM ET",price_change,UP,0.29,234,0.31,0.32
2026-01-14 18:35:21,578,"Bitcoin Up or Down - January 14, 5:30AM-5:45AM ET",price_change,UP,0.28,102.19,0.28,0.29
2026-01-14 18:35:21,578,"Bitcoin Up or Down - January 14, 5:30AM-5:45AM ET",price_change,DOWN,0.69,332.5,0.71,0.72
2026-01-14 18:35:22,577,"Bitcoin Up or Down - January 14, 5:30AM-5:45AM ET",price_change,UP,0.26,878,0.28,0.29
2026-01-14 18:35:22,577,"Bitcoin Up or Down - January 14, 5:30AM-5:45AM ET",price_change,DOWN,0.69,609,0.71,0.72
2026-01-14 18:35:23,576,"Bitcoin Up or Down - January 14, 5:30AM-5:45AM ET",price_change,DOWN,0.72,277,0.73,0.74
2026-01-14 18:35:23,576,"Bitcoin Up or Down - January 14, 5:30AM-5:45AM ET",price_change,UP,0.23,784,0.26,0.27
2026-01-14 18:35:24,575,"Bitcoin Up or Down - January 14, 5:30AM-5:45AM ET",price_change,UP,0.25,646.11,0.25,0.26
2026-01-14 18:35:24,575,"Bitcoin Up or Down - January 14, 5:30AM-5:45AM ET",price_change,DOWN,0.74,1427.07,0.74,0.75
2026-01-14 18:35:25,574,"Bitcoin Up or Down - January 14, 5:30AM-5:45AM ET",price_change,DOWN,0.67,1954.79,0.74,0.75
2026-01-14 18:35:25,574,"Bitcoin Up or Down - January 14, 5:30AM-5:45AM ET",price_change,UP,0.25,521.47,0.25,0.26
2026-01-14 18:35:26,573,"Bitcoin Up or Down - January 14, 5:30AM-5:45AM ET",price_change,UP,0.25,94.24,0.25,0.26
2026-01-14 18:35:26,573,"Bitcoin Up or Down - January 14, 5:30AM-5:45AM ET",price_change,DOWN,0.71,2111,0.74,0.75
2026-01-14 18:35:27,572,"Bitcoin Up or Down - January 14, 5:30AM-5:45AM ET",price_change,DOWN,0.63,1254.64,0.76,0.77
2026-01-14 18:35:27,572,"Bitcoin Up or Down - January 14, 5:30AM-5:45AM ET",price_change,UP,0.23,104,0.23,0.24
2026-01-14 18:35:28,571,"Bitcoin Up or Down - January 14, 5:30AM-5:45AM ET",price_change,DOWN,0.77,1686.93,0.78,0.79
2026-01-14 18:35:28,571,"Bitcoin Up or Down - January 14, 5:30AM-5:45AM ET",price_change,UP,0.2,969.1,0.21,0.22
2026-01-14 18:35:29,570,"Bitcoin Up or Down - January 14, 5:30AM-5:45AM ET",price_change,UP,0.2,856.1,0.21,0.22
2026-01-14 18:35:29,570,"Bitcoin Up or Down - January 14, 5:30AM-5:45AM ET",price_change,DOWN,0.77,1918.38,0.78,0.79
2026-01-14 18:35:30,569,"Bitcoin Up or Down - January 14, 5:30AM-5:45AM ET",price_change,DOWN,0.78,24,0.78,0.8
2026-01-14 18:35:30,569,"Bitcoin Up or Down - January 14, 5:30AM-5:45AM ET",price_change,UP,0.2,1032.66,0.2,0.22
2026-01-14 18:35:31,568,"Bitcoin Up or Down - January 14, 5:30AM-5:45AM ET",price_change,DOWN,0.74,2426.42,0.78,0.79
2026-01-14 18:35:31,568,"Bitcoin Up or Down - January 14, 5:30AM-5:45AM ET",price_change,UP,0.2,846.47,0.21,0.22
2026-01-14 18:35:32,567,"Bitcoin Up or Down - January 14, 5:30AM-5:45AM ET",price_change,DOWN,0.77,1217.17,0.77,0.78
2026-01-14 18:35:32,567,"Bitcoin Up or Down - January 14, 5:30AM-5:45AM ET",price_change,UP,0.22,112.4,0.22,0.23
2026-01-14 18:35:33,566,"Bitcoin Up or Down - January 14, 5:30AM-5:45AM ET",price_change,DOWN,0.77,444.23,0.77,0.78
2026-01-14 18:35:33,566,"Bitcoin Up or Down - January 14, 5:30AM-5:45AM ET",price_change,UP,0.21,190,0.22,0.23
2026-01-14 18:35:34,565,"Bitcoin Up or Down - January 14, 5:30AM-5:45AM ET",price_change,DOWN,0.74,2390.92,0.77,0.78
2026-01-14 18:35:34,565,"Bitcoin Up or Down - January 14, 5:30AM-5:45AM ET",price_change,UP,0.19,1352.4,0.22,0.23
2026-01-14 18:35:35,564,"Bitcoin Up or Down - January 14, 5:30AM-5:45AM ET",price_change,UP,0.23,11,0.23,0.24
2026-01-14 18:35:35,564,"Bitcoin Up or Down - January 14, 5:30AM-5:45AM ET",price_change,DOWN,0.74,1624.42,0.76,0.77
2026-01-14 18:35:36,563,"Bitcoin Up or Down - January 14, 5:30AM-5:45AM ET",price_change,UP,0.23,1041.61,0.23,0.24
2026-01-14 18:35:36,563,"Bitcoin Up or Down - January 14, 5:30AM-5:45AM ET",price_change,DOWN,0.75,641.5,0.76,0.77
2026-01-14 18:35:37,562,"Bitcoin Up or Down - January 14, 5:30AM-5:45AM ET",price_change,DOWN,0.72,1151.43,0.76,0.77
2026-01-14 18:35:37,562,"Bitcoin Up or Down - January 14, 5:30AM-5:45AM ET",price_change,UP,0.2,1089.5,0.23,0.24
2026-01-14 18:35:38,561,"Bitcoin Up or Down - January 14, 5:30AM-5:45AM ET",price_change,UP,0.24,889.57,0.25,0.26
2026-01-14 18:35:38,561,"Bitcoin Up or Down - January 14, 5:30AM-5:45AM ET",price_change,DOWN,0.72,667.93,0.74,0.75
2026-01-14 18:35:39,560,"Bitcoin Up or Down - January 14, 5:30AM-5:45AM ET",price_change,DOWN,0.72,565.93,0.73,0.74
2026-01-14 18:35:39,560,"Bitcoin Up or Down - January 14, 5:30AM-5:45AM ET",price_change,UP,0.16,3250.69,0.26,0.27
2026-01-14 18:35:40,559,"Bitcoin Up or Down - January 14, 5:30AM-5:45AM ET",price_change,DOWN,0.71,747.01,0.71,0.72
2026-01-14 18:35:40,559,"Bitcoin Up or Down - January 14, 5:30AM-5:45AM ET",price_change,UP,0.27,900,0.28,0.29
2026-01-14 18:35:41,558,"Bitcoin Up or Down - January 14, 5:30AM-5:45AM ET",price_change,DOWN,0.71,1411.95,0.71,0.72
2026-01-14 18:35:41,558,"Bitcoin Up or Down - January 14, 5:30AM-5:45AM ET",price_change,UP,0.18,2892.8,0.28,0.29
2026-01-14 18:35:42,557,"Bitcoin Up or Down - January 14, 5:30AM-5:45AM ET",price_change,UP,0.26,717.24,0.26,0.27
2026-01-14 18:35:42,557,"Bitcoin Up or Down - January 14, 5:30AM-5:45AM ET",price_change,DOWN,0.71,1784.98,0.73,0.74
2026-01-14 18:35:43,556,"Bitcoin Up or Down - January 14, 5:30AM-5:45AM ET",price_change,UP,0.26,831.24,0.26,0.27
2026-01-14 18:35:43,556,"Bitcoin Up or Down - January 14, 5:30AM-5:45AM ET",price_change,DOWN,0.73,1162.2,0.73,0.74
2026-01-14 18:35:44,555,"Bitcoin Up or Down - January 14, 5:30AM-5:45AM ET",price_change,DOWN,0.21,1085.96,0.73,0.74
2026-01-14 18:35:44,555,"Bitcoin Up or Down - January 14, 5:30AM-5:45AM ET",price_change,UP,0.22,1371.6,0.26,0.27
2026-01-14 18:35:45,554,"Bitcoin Up or Down - January 14, 5:30AM-5:45AM ET",price_change,UP,0.26,765.97,0.26,0.27
2026-01-14 18:35:45,554,"Bitcoin Up or Down - January 14, 5:30AM-5:45AM ET",price_change,DOWN,0.73,1095.58,0.73,0.74
2026-01-14 18:35:46,553,"Bitcoin Up or Down - January 14, 5:30AM-5:45AM ET",price_change,DOWN,0.73,846.25,0.73,0.74
2026-01-14 18:35:46,553,"Bitcoin Up or Down - January 14, 5:30AM-5:45AM ET",price_change,UP,0.26,777.86,0.26,0.27
2026-01-14 18:35:47,552,"Bitcoin Up or Down - January 14, 5:30AM-5:45AM ET",price_change,DOWN,0.73,837.15,0.73,0.74
2026-01-14 18:35:47,552,"Bitcoin Up or Down - January 14, 5:30AM-5:45AM ET",price_change,UP,0.16,1441.69,0.26,0.27
2026-01-14 18:35:48,551,"Bitcoin Up or Down - January 14, 5:30AM-5:45AM ET",price_change,DOWN,0.73,845,0.73,0.74
2026-01-14 18:35:48,551,"Bitcoin Up or Down - January 14, 5:30AM-5:45AM ET",price_change,UP,0.15,1682.19,0.26,0.27
2026-01-14 18:35:49,550,"Bitcoin Up or Down - January 14, 5:30AM-5:45AM ET",price_change,DOWN,0.73,876.9,0.73,0.74
2026-01-14 18:35:49,550,"Bitcoin Up or Down - January 14, 5:30AM-5:45AM ET",price_change,UP,0.24,1539.99,0.26,0.27
2026-01-14 18:35:50,549,"Bitcoin Up or Down - January 14, 5:30AM-5:45AM ET",price_change,UP,0.25,1395.71,0.26,0.27
2026-01-14 18:35:50,549,"Bitcoin Up or Down - January 14, 5:30AM-5:45AM ET",price_change,DOWN,0.7,1076.7,0.73,0.74
2026-01-14 18:35:51,548,"Bitcoin Up or Down - January 14, 5:30AM-5:45AM ET",price_change,DOWN,0.73,804.01,0.73,0.74
2026-01-14 18:35:51,548,"Bitcoin Up or Down - January 14, 5:30AM-5:45AM ET",price_change,UP,0.26,501.44,0.26,0.27
2026-01-14 18:35:52,547,"Bitcoin Up or Down - January 14, 5:30AM-5:45AM ET",price_change,DOWN,0.73,792.37,0.73,0.74
2026-01-14 18:35:52,547,"Bitcoin Up or Down - January 14, 5:30AM-5:45AM ET",price_change,UP,0.25,1393,0.26,0.27
2026-01-14 18:35:53,546,"Bitcoin Up or Down - January 14, 5:30AM-5:45AM ET",price_change,DOWN,0.71,2364.28,0.73,0.74
2026-01-14 18:35:53,546,"Bitcoin Up or Down - January 14, 5:30AM-5:45AM ET",price_change,UP,0.24,1557.99,0.26,0.27
2026-01-14 18:35:54,545,"Bitcoin Up or Down - January 14, 5:30AM-5:45AM ET",price_change,UP,0.23,303.98,0.24,0.25
2026-01-14 18:35:54,545,"Bitcoin Up or Down - January 14, 5:30AM-5:45AM ET",price_change,DOWN,0.72,2162.61,0.75,0.76
2026-01-14 18:35:55,544,"Bitcoin Up or Down - January 14, 5:30AM-5:45AM ET",price_change,UP,0.22,796,0.23,0.24
2026-01-14 18:35:55,544,"Bitcoin Up or Down - January 14, 5:30AM-5:45AM ET",price_change,DOWN,0.46,1089.78,0.76,0.77
2026-01-14 18:35:56,543,"Bitcoin Up or Down - January 14, 5:30AM-5:45AM ET",price_change,DOWN,0.65,1560.65,0.77,0.78
2026-01-14 18:35:56,543,"Bitcoin Up or Down - January 14, 5:30AM-5:45AM ET",price_change,UP,0.22,879.52,0.22,0.23
2026-01-14 18:35:57,542,"Bitcoin Up or Down - January 14, 5:30AM-5:45AM ET",price_change,DOWN,0.77,124.5,0.77,0.78
2026-01-14 18:35:57,542,"Bitcoin Up or Down - January 14, 5:30AM-5:45AM ET",price_change,UP,0.2,1453.9,0.22,0.23
2026-01-14 18:35:58,541,"Bitcoin Up or Down - January 14, 5:30AM-5:45AM ET",price_change,UP,0.22,850.3,0.22,0.23
2026-01-14 18:35:58,541,"Bitcoin Up or Down - January 14, 5:30AM-5:45AM ET",price_change,DOWN,0.75,472.75,0.77,0.78
2026-01-14 18:35:59,540,"Bitcoin Up or Down - January 14, 5:30AM-5:45AM ET",price_change,DOWN,0.75,1009.25,0.77,0.78
2026-01-14 18:35:59,540,"Bitcoin Up or Down - January 14, 5:30AM-5:45AM ET",price_change,UP,0.22,861.86,0.22,0.23
2026-01-14 18:36:00,539,"Bitcoin Up or Down - January 14, 5:30AM-5:45AM ET",price_change,DOWN,0.24,1147.6,0.77,0.78
2026-01-14 18:36:00,539,"Bitcoin Up or Down - January 14, 5:30AM-5:45AM ET",price_change,UP,0.19,1430.4,0.22,0.23
2026-01-14 18:36:01,538,"Bitcoin Up or Down - January 14, 5:30AM-5:45AM ET",price_change,UP,0.19,842.4,0.22,0.23
2026-01-14 18:36:01,538,"Bitcoin Up or Down - January 14, 5:30AM-5:45AM ET",price_change,DOWN,0.77,643.69,0.77,0.78
2026-01-14 18:36:02,537,"Bitcoin Up or Down - January 14, 5:30AM-5:45AM ET",price_change,DOWN,0.77,2596.24,0.77,0.78
2026-01-14 18:36:02,537,"Bitcoin Up or Down - January 14, 5:30AM-5:45AM ET",price_change,UP,0.16,1376,0.22,0.23
2026-01-14 18:36:03,536,"Bitcoin Up or Down - January 14, 5:30AM-5:45AM ET",price_change,UP,0.12,1491.96,0.18,0.19
2026-01-14 18:36:03,536,"Bitcoin Up or Down - January 14, 5:30AM-5:45AM ET",price_change,DOWN,0.8,3246.39,0.81,0.82
2026-01-14 18:36:04,535,"Bitcoin Up or Down - January 14, 5:30AM-5:45AM ET",price_change,DOWN,0.81,2210.5,0.82,0.83
2026-01-14 18:36:04,535,"Bitcoin Up or Down - January 14, 5:30AM-5:45AM ET",price_change,UP,0.16,826.5,0.17,0.18
2026-01-14 18:36:05,534,"Bitcoin Up or Down - January 14, 5:30AM-5:45AM ET",price_change,DOWN,0.82,2179.11,0.82,0.83
2026-01-14 18:36:05,534,"Bitcoin Up or Down - January 14, 5:30AM-5:45AM ET",price_change,UP,0.15,1528,0.17,0.18
2026-01-14 18:36:06,533,"Bitcoin Up or Down - January 14, 5:30AM-5:45AM ET",price_change,DOWN,0.82,3908.05,0.82,0.83
2026-01-14 18:36:06,533,"Bitcoin Up or Down - January 14, 5:30AM-5:45AM ET",price_change,UP,0.12,1442,0.17,0.18
2026-01-14 18:36:07,532,"Bitcoin Up or Down - January 14, 5:30AM-5:45AM ET",price_change,DOWN,0.85,191.71,0.85,0.86
2026-01-14 18:36:07,532,"Bitcoin Up or Down - January 14, 5:30AM-5:45AM ET",price_change,UP,0.13,1319.49,0.14,0.15
2026-01-14 18:36:08,531,"Bitcoin Up or Down - January 14, 5:30AM-5:45AM ET",price_change,DOWN,0.85,83.09,0.85,0.86
2026-01-14 18:36:08,531,"Bitcoin Up or Down - January 14, 5:30AM-5:45AM ET",price_change,UP,0.14,842.69,0.14,0.15
2026-01-14 18:36:09,530,"Bitcoin Up or Down - January 14, 5:30AM-5:45AM ET",price_change,UP,0.14,854.07,0.14,0.15
2026-01-14 18:36:09,530,"Bitcoin Up or Down - January 14, 5:30AM-5:45AM ET",price_change,DOWN,0.85,1051.99,0.85,0.86
2026-01-14 18:36:10,529,"Bitcoin Up or Down - January 14, 5:30AM-5:45AM ET",price_change,DOWN,0.77,1448.84,0.85,0.86
2026-01-14 18:36:10,529,"Bitcoin Up or Down - January 14, 5:30AM-5:45AM ET",price_change,UP,0.1,1845.8,0.14,0.15
2026-01-14 18:36:11,528,"Bitcoin Up or Down - January 14, 5:30AM-5:45AM ET",price_change,UP,0.1,1707.2,0.13,0.14
2026-01-14 18:36:11,528,"Bitcoin Up or Down - January 14, 5:30AM-5:45AM ET",price_change,DOWN,0.83,2421,0.86,0.87
2026-01-14 18:36:12,527,"Bitcoin Up or Down - January 14, 5:30AM-5:45AM ET",price_change,DOWN,0.83,2184,0.84,0.85
2026-01-14 18:36:12,527,"Bitcoin Up or Down - January 14, 5:30AM-5:45AM ET",price_change,UP,0.13,1733.38,0.15,0.16
2026-01-14 18:36:13,526,"Bitcoin Up or Down - January 14, 5:30AM-5:45AM ET",price_change,DOWN,0.73,1428.6,0.85,0.87
2026-01-14 18:36:13,526,"Bitcoin Up or Down - January 14, 5:30AM-5:45AM ET",price_change,UP,0.08,4587.58,0.13,0.15
2026-01-14 18:36:14,525,"Bitcoin Up or Down - January 14, 5:30AM-5:45AM ET",price_change,DOWN,0.36,1344.81,0.86,0.87
2026-01-14 18:36:14,525,"Bitcoin Up or Down - January 14, 5:30AM-5:45AM ET",price_change,UP,0.13,711.85,0.13,0.14
2026-01-14 18:36:15,524,"Bitcoin Up or Down - January 14, 5:30AM-5:45AM ET",price_change,DOWN,0.86,1008.75,0.86,0.87
2026-01-14 18:36:15,524,"Bitcoin Up or Down - January 14, 5:30AM-5:45AM ET",price_change,UP,0.13,799,0.13,0.14
2026-01-14 18:36:16,523,"Bitcoin Up or Down - January 14, 5:30AM-5:45AM ET",price_change,DOWN,0.86,950.82,0.86,0.87
2026-01-14 18:36:16,523,"Bitcoin Up or Down - January 14, 5:30AM-5:45AM ET",price_change,UP,0.13,683.56,0.13,0.14
2026-01-14 18:36:17,522,"Bitcoin Up or Down - January 14, 5:30AM-5:45AM ET",price_change,DOWN,0.86,1155.98,0.86,0.87
2026-01-14 18:36:17,522,"Bitcoin Up or Down - January 14, 5:30AM-5:45AM ET",price_change,UP,0.13,810.49,0.13,0.14
2026-01-14 18:36:18,521,"Bitcoin Up or Down - January 14, 5:30AM-5:45AM ET",price_change,UP,0.11,2055.99,0.13,0.14
2026-01-14 18:36:18,521,"Bitcoin Up or Down - January 14, 5:30AM-5:45AM ET",price_change,DOWN,0.85,2119.63,0.86,0.87
2026-01-14 18:36:19,520,"Bitcoin Up or Down - January 14, 5:30AM-5:45AM ET",price_change,UP,0.08,4707.58,0.13,0.14
2026-01-14 18:36:19,520,"Bitcoin Up or Down - January 14, 5:30AM-5:45AM ET",price_change,DOWN,0.84,2018.22,0.86,0.87
2026-01-14 18:36:20,519,"Bitcoin Up or Down - January 14, 5:30AM-5:45AM ET",price_change,UP,0.11,1347,0.13,0.14
2026-01-14 18:36:20,519,"Bitcoin Up or Down - January 14, 5:30AM-5:45AM ET",price_change,DOWN,0.81,2331,0.86,0.87
2026-01-14 18:36:21,518,"Bitcoin Up or Down - January 14, 5:30AM-5:45AM ET",price_change,DOWN,0.84,122.3,0.84,0.85
2026-01-14 18:36:21,518,"Bitcoin Up or Down - January 14, 5:30AM-5:45AM ET",price_change,UP,0.14,512.29,0.15,0.16
2026-01-14 18:36:22,517,"Bitcoin Up or Down - January 14, 5:30AM-5:45AM ET",price_change,DOWN,0.83,138,0.83,0.84
2026-01-14 18:36:22,517,"Bitcoin Up or Down - January 14, 5:30AM-5:45AM ET",price_change,UP,0.16,271.99,0.16,0.17
2026-01-14 18:36:23,516,"Bitcoin Up or Down - January 14, 5:30AM-5:45AM ET",price_change,UP,0.08,7923.58,0.17,0.18
2026-01-14 18:36:23,516,"Bitcoin Up or Down - January 14, 5:30AM-5:45AM ET",price_change,DOWN,0.81,17.31,0.81,0.83
2026-01-14 18:36:24,515,"Bitcoin Up or Down - January 14, 5:30AM-5:45AM ET",price_change,UP,0.18,1468.98,0.2,0.21
2026-01-14 18:36:24,515,"Bitcoin Up or Down - January 14, 5:30AM-5:45AM ET",price_change,DOWN,0.77,1251.03,0.79,0.8
2026-01-14 18:36:25,514,"Bitcoin Up or Down - January 14, 5:30AM-5:45AM ET",price_change,UP,0.18,1396,0.2,0.21
2026-01-14 18:36:25,514,"Bitcoin Up or Down - January 14, 5:30AM-5:45AM ET",price_change,DOWN,0.76,393,0.79,0.8
2026-01-14 18:36:26,513,"Bitcoin Up or Down - January 14, 5:30AM-5:45AM ET",price_change,UP,0.21,133.49,0.22,0.23
2026-01-14 18:36:26,513,"Bitcoin Up or Down - January 14, 5:30AM-5:45AM ET",price_change,DOWN,0.77,59.5,0.77,0.78
2026-01-14 18:36:27,512,"Bitcoin Up or Down - January 14, 5:30AM-5:45AM ET",price_change,DOWN,0.76,41.63,0.76,0.77
2026-01-14 18:36:27,512,"Bitcoin Up or Down - January 14, 5:30AM-5:45AM ET",price_change,UP,0.22,1060.86,0.23,0.24
2026-01-14 18:36:28,511,"Bitcoin Up or Down - January 14, 5:30AM-5:45AM ET",price_change,UP,0.23,773.3,0.23,0.24
2026-01-14 18:36:28,511,"Bitcoin Up or Down - January 14, 5:30AM-5:45AM ET",price_change,DOWN,0.75,1281.19,0.76,0.77
2026-01-14 18:36:29,510,"Bitcoin Up or Down - January 14, 5:30AM-5:45AM ET",price_change,DOWN,0.74,417,0.76,0.77
2026-01-14 18:36:29,510,"Bitcoin Up or Down - January 14, 5:30AM-5:45AM ET",price_change,UP,0.22,613.48,0.23,0.24
2026-01-14 18:36:30,509,"Bitcoin Up or Down - January 14, 5:30AM-5:45AM ET",price_change,DOWN,0.76,15,0.76,0.77
2026-01-14 18:36:30,509,"Bitcoin Up or Down - January 14, 5:30AM-5:45AM ET",price_change,UP,0.22,695,0.23,0.24
2026-01-14 18:36:31,508,"Bitcoin Up or Down - January 14, 5:30AM-5:45AM ET",price_change,UP,0.29,301,0.29,0.33
2026-01-14 18:36:31,508,"Bitcoin Up or Down - January 14, 5:30AM-5:45AM ET",price_change,DOWN,0.67,24.85,0.67,0.71
2026-01-14 18:36:32,507,"Bitcoin Up or Down - January 14, 5:30AM-5:45AM ET",price_change,DOWN,0.6,990.97,0.64,0.65
2026-01-14 18:36:32,507,"Bitcoin Up or Down - January 14, 5:30AM-5:45AM ET",price_change,UP,0.32,1535.57,0.35,0.36
2026-01-14 18:36:33,506,"Bitcoin Up or Down - January 14, 5:30AM-5:45AM ET",price_change,UP,0.33,586.45,0.33,0.34
2026-01-14 18:36:33,506,"Bitcoin Up or Down - January 14, 5:30AM-5:45AM ET",price_change,DOWN,0.5,1476.78,0.66,0.67
2026-01-14 18:36:33,505,"Bitcoin Up or Down - January 14, 5:30AM-5:45AM ET",price_change,DOWN,0.53,675.04,0.66,0.67
2026-01-14 18:36:33,505,"Bitcoin Up or Down - January 14, 5:30AM-5:45AM ET",price_change,UP,0.32,57.77,0.32,0.34
2026-01-14 18:36:35,504,"Bitcoin Up or Down - January 14, 5:30AM-5:45AM ET",price_change,DOWN,0.67,1199.72,0.67,0.68
2026-01-14 18:36:35,504,"Bitcoin Up or Down - January 14, 5:30AM-5:45AM ET",price_change,UP,0.3,175.37,0.32,0.33
2026-01-14 18:36:36,503,"Bitcoin Up or Down - January 14, 5:30AM-5:45AM ET",price_change,DOWN,0.42,1066.3,0.69,0.7
2026-01-14 18:36:36,503,"Bitcoin Up or Down - January 14, 5:30AM-5:45AM ET",price_change,UP,0.26,1133.8,0.3,0.31
2026-01-14 18:36:37,502,"Bitcoin Up or Down - January 14, 5:30AM-5:45AM ET",price_change,DOWN,0.69,1689,0.72,0.73
2026-01-14 18:36:37,502,"Bitcoin Up or Down - January 14, 5:30AM-5:45AM ET",price_change,UP,0.24,2208,0.27,0.28
2026-01-14 18:36:38,501,"Bitcoin Up or Down - January 14, 5:30AM-5:45AM ET",price_change,UP,0.12,3685.3,0.25,0.26
2026-01-14 18:36:38,501,"Bitcoin Up or Down - January 14, 5:30AM-5:45AM ET",price_change,DOWN,0.72,2413.27,0.74,0.75
2026-01-14 18:36:39,500,"Bitcoin Up or Down - January 14, 5:30AM-5:45AM ET",price_change,UP,0.22,1329.6,0.27,0.28
2026-01-14 18:36:39,500,"Bitcoin Up or Down - January 14, 5:30AM-5:45AM ET",price_change,DOWN,0.7,726,0.72,0.73
2026-01-14 18:36:40,499,"Bitcoin Up or Down - January 14, 5:30AM-5:45AM ET",price_change,DOWN,0.58,1132.07,0.72,0.73
2026-01-14 18:36:40,499,"Bitcoin Up or Down - January 14, 5:30AM-5:45AM ET",price_change,UP,0.27,313.98,0.27,0.28
2026-01-14 18:36:41,498,"Bitcoin Up or Down - January 14, 5:30AM-5:45AM ET",price_change,DOWN,0.72,2414.15,0.72,0.73
2026-01-14 18:36:41,498,"Bitcoin Up or Down - January 14, 5:30AM-5:45AM ET",price_change,UP,0.23,1840.5,0.27,0.28
2026-01-14 18:36:42,497,"Bitcoin Up or Down - January 14, 5:30AM-5:45AM ET",price_change,UP,0.25,815.45,0.26,0.27
2026-01-14 18:36:42,497,"Bitcoin Up or Down - January 14, 5:30AM-5:45AM ET",price_change,DOWN,0.72,2226.25,0.73,0.74
2026-01-14 18:36:43,496,"Bitcoin Up or Down - January 14, 5:30AM-5:45AM ET",price_change,UP,0.25,771.4,0.25,0.26
2026-01-14 18:36:43,496,"Bitcoin Up or Down - January 14, 5:30AM-5:45AM ET",price_change,DOWN,0.73,1323.46,0.74,0.75
2026-01-14 18:36:44,495,"Bitcoin Up or Down - January 14, 5:30AM-5:45AM ET",price_change,DOWN,0.74,1078.13,0.74,0.75
2026-01-14 18:36:44,495,"Bitcoin Up or Down - January 14, 5:30AM-5:45AM ET",price_change,UP,0.23,1542,0.25,0.26
2026-01-14 18:36:45,494,"Bitcoin Up or Down - January 14, 5:30AM-5:45AM ET",price_change,DOWN,0.71,1653.85,0.74,0.75
2026-01-14 18:36:45,494,"Bitcoin Up or Down - January 14, 5:30AM-5:45AM ET",price_change,UP,0.24,1203.37,0.25,0.26
2026-01-14 18:36:46,493,"Bitcoin Up or Down - January 14, 5:30AM-5:45AM ET",price_change,UP,0.24,1281.14,0.25,0.26
2026-01-14 18:36:46,493,"Bitcoin Up or Down - January 14, 5:30AM-5:45AM ET",price_change,DOWN,0.74,651.83,0.74,0.75
2026-01-14 18:36:47,492,"Bitcoin Up or Down - January 14, 5:30AM-5:45AM ET",price_change,DOWN,0.71,1523.38,0.74,0.75
2026-01-14 18:36:47,492,"Bitcoin Up or Down - January 14, 5:30AM-5:45AM ET",price_change,UP,0.17,1427.65,0.25,0.26
2026-01-14 18:36:48,491,"Bitcoin Up or Down - January 14, 5:30AM-5:45AM ET",price_change,DOWN,0.74,774.28,0.74,0.75
2026-01-14 18:36:48,491,"Bitcoin Up or Down - January 14, 5:30AM-5:45AM ET",price_change,UP,0.25,1093.81,0.25,0.26
2026-01-14 18:36:49,490,"Bitcoin Up or Down - January 14, 5:30AM-5:45AM ET",price_change,DOWN,0.01,14755.81,0.74,0.75
2026-01-14 18:36:49,490,"Bitcoin Up or Down - January 14, 5:30AM-5:45AM ET",price_change,UP,0.22,1153.6,0.25,0.26
2026-01-14 18:36:50,489,"Bitcoin Up or Down - January 14, 5:30AM-5:45AM ET",price_change,UP,0.24,1166.64,0.25,0.26
2026-01-14 18:36:50,489,"Bitcoin Up or Down - January 14, 5:30AM-5:45AM ET",price_change,DOWN,0.73,1719.31,0.74,0.75
2026-01-14 18:36:51,488,"Bitcoin Up or Down - January 14, 5:30AM-5:45AM ET",price_change,DOWN,0.49,2400.12,0.74,0.75
2026-01-14 18:36:51,488,"Bitcoin Up or Down - January 14, 5:30AM-5:45AM ET",price_change,UP,0.21,1729.8,0.25,0.26
2026-01-14 18:36:52,487,"Bitcoin Up or Down - January 14, 5:30AM-5:45AM ET",price_change,DOWN,0.48,2334.69,0.74,0.75
2026-01-14 18:36:52,487,"Bitcoin Up or Down - January 14, 5:30AM-5:45AM ET",price_change,UP,0.1,10534.03,0.25,0.26
2026-01-14 18:36:53,486,"Bitcoin Up or Down - January 14, 5:30AM-5:45AM ET",price_change,DOWN,0.74,2006.24,0.74,0.75
2026-01-14 18:36:53,486,"Bitcoin Up or Down - January 14, 5:30AM-5:45AM ET",price_change,UP,0.23,1122,0.25,0.26
2026-01-14 18:36:54,485,"Bitcoin Up or Down - January 14, 5:30AM-5:45AM ET",price_change,UP,0.22,1128.2,0.25,0.26
2026-01-14 18:36:54,485,"Bitcoin Up or Down - January 14, 5:30AM-5:45AM ET",price_change,DOWN,0.74,1981.22,0.74,0.75
2026-01-14 18:36:55,484,"Bitcoin Up or Down - January 14, 5:30AM-5:45AM ET",price_change,UP,0.25,1027.55,0.25,0.26
2026-01-14 18:36:55,484,"Bitcoin Up or Down - January 14, 5:30AM-5:45AM ET",price_change,DOWN,0.7,1403,0.74,0.75
2026-01-14 18:36:56,483,"Bitcoin Up or Down - January 14, 5:30AM-5:45AM ET",price_change,UP,0.25,2340.5,0.25,0.26
2026-01-14 18:36:56,483,"Bitcoin Up or Down - January 14, 5:30AM-5:45AM ET",price_change,DOWN,0.73,126.13,0.74,0.75
2026-01-14 18:36:57,482,"Bitcoin Up or Down - January 14, 5:30AM-5:45AM ET",price_change,DOWN,0.74,67.26,0.74,0.75
2026-01-14 18:36:57,482,"Bitcoin Up or Down - January 14, 5:30AM-5:45AM ET",price_change,UP,0.24,1169.14,0.25,0.26
2026-01-14 18:36:58,481,"Bitcoin Up or Down - January 14, 5:30AM-5:45AM ET",price_change,DOWN,0.49,1472.12,0.74,0.75
2026-01-14 18:36:58,481,"Bitcoin Up or Down - January 14, 5:30AM-5:45AM ET",price_change,UP,0.09,3166.21,0.25,0.26
2026-01-14 18:36:59,480,"Bitcoin Up or Down - January 14, 5:30AM-5:45AM ET",price_change,DOWN,0.42,1061.3,0.74,0.75
2026-01-14 18:36:59,480,"Bitcoin Up or Down - January 14, 5:30AM-5:45AM ET",price_change,UP,0.23,1183.64,0.25,0.26
2026-01-14 18:37:00,479,"Bitcoin Up or Down - January 14, 5:30AM-5:45AM ET",price_change,UP,0.22,999.1,0.25,0.26
2026-01-14 18:37:00,479,"Bitcoin Up or Down - January 14, 5:30AM-5:45AM ET",price_change,DOWN,0.74,1935.01,0.74,0.75
2026-01-14 18:37:01,478,"Bitcoin Up or Down - January 14, 5:30AM-5:45AM ET",price_change,DOWN,0.72,2407.18,0.74,0.75
2026-01-14 18:37:01,478,"Bitcoin Up or Down - January 14, 5:30AM-5:45AM ET",price_change,UP,0.25,758.14,0.25,0.26
2026-01-14 18:37:02,477,"Bitcoin Up or Down - January 14, 5:30AM-5:45AM ET",price_change,UP,0.23,1033.35,0.25,0.26
2026-01-14 18:37:02,477,"Bitcoin Up or Down - January 14, 5:30AM-5:45AM ET",price_change,DOWN,0.74,1446.88,0.74,0.75
2026-01-14 18:37:03,476,"Bitcoin Up or Down - January 14, 5:30AM-5:45AM ET",price_change,DOWN,0.74,1179.88,0.74,0.75
2026-01-14 18:37:03,476,"Bitcoin Up or Down - January 14, 5:30AM-5:45AM ET",price_change,UP,0.25,911.19,0.25,0.26
2026-01-14 18:37:04,475,"Bitcoin Up or Down - January 14, 5:30AM-5:45AM ET",price_change,DOWN,0.73,896.63,0.73,0.75
2026-01-14 18:37:04,475,"Bitcoin Up or Down - January 14, 5:30AM-5:45AM ET",price_change,UP,0.25,2527.07,0.25,0.27
2026-01-14 18:37:05,474,"Bitcoin Up or Down - January 14, 5:30AM-5:45AM ET",price_change,UP,0.26,2269.01,0.26,0.27
2026-01-14 18:37:05,474,"Bitcoin Up or Down - January 14, 5:30AM-5:45AM ET",price_change,DOWN,0.71,74.85,0.73,0.74
2026-01-14 18:37:06,473,"Bitcoin Up or Down - January 14, 5:30AM-5:45AM ET",price_change,DOWN,0.64,396,0.69,0.7
2026-01-14 18:37:06,473,"Bitcoin Up or Down - January 14, 5:30AM-5:45AM ET",price_change,UP,0.29,2063,0.3,0.31
2026-01-14 18:37:07,472,"Bitcoin Up or Down - January 14, 5:30AM-5:45AM ET",price_change,UP,0.34,516.05,0.34,0.35
2026-01-14 18:37:07,472,"Bitcoin Up or Down - January 14, 5:30AM-5:45AM ET",price_change,DOWN,0.63,102.97,0.65,0.66
2026-01-14 18:37:08,471,"Bitcoin Up or Down - January 14, 5:30AM-5:45AM ET",price_change,DOWN,0.38,1061.5,0.64,0.65
2026-01-14 18:37:08,471,"Bitcoin Up or Down - January 14, 5:30AM-5:45AM ET",price_change,UP,0.33,159.65,0.35,0.36
2026-01-14 18:37:09,470,"Bitcoin Up or Down - January 14, 5:30AM-5:45AM ET",price_change,DOWN,0.64,130.85,0.64,0.65
2026-01-14 18:37:09,470,"Bitcoin Up or Down - January 14, 5:30AM-5:45AM ET",price_change,UP,0.26,2587.79,0.35,0.37
2026-01-14 18:37:10,469,"Bitcoin Up or Down - January 14, 5:30AM-5:45AM ET",price_change,UP,0.36,14.48,0.36,0.37
2026-01-14 18:37:10,469,"Bitcoin Up or Down - January 14, 5:30AM-5:45AM ET",price_change,DOWN,0.49,1417.12,0.63,0.64
2026-01-14 18:37:11,468,"Bitcoin Up or Down - January 14, 5:30AM-5:45AM ET",price_change,DOWN,0.64,2820.66,0.64,0.65
2026-01-14 18:37:11,468,"Bitcoin Up or Down - January 14, 5:30AM-5:45AM ET",price_change,UP,0.33,358,0.35,0.36
2026-01-14 18:37:12,467,"Bitcoin Up or Down - January 14, 5:30AM-5:45AM ET",price_change,DOWN,0.61,1522.58,0.66,0.67
2026-01-14 18:37:12,467,"Bitcoin Up or Down - January 14, 5:30AM-5:45AM ET",price_change,UP,0.31,814,0.33,0.34
2026-01-14 18:37:13,466,"Bitcoin Up or Down - January 14, 5:30AM-5:45AM ET",price_change,UP,0.15,1422.2,0.33,0.34
2026-01-14 18:37:13,466,"Bitcoin Up or Down - January 14, 5:30AM-5:45AM ET",price_change,DOWN,0.66,170.89,0.66,0.67
2026-01-14 18:37:14,465,"Bitcoin Up or Down - January 14, 5:30AM-5:45AM ET",price_change,UP,0.33,181.75,0.33,0.34
2026-01-14 18:37:14,465,"Bitcoin Up or Down - January 14, 5:30AM-5:45AM ET",price_change,DOWN,0.66,298.17,0.66,0.67
2026-01-14 18:37:15,464,"Bitcoin Up or Down - January 14, 5:30AM-5:45AM ET",price_change,UP,0.31,1008,0.32,0.33
2026-01-14 18:37:15,464,"Bitcoin Up or Down - January 14, 5:30AM-5:45AM ET",price_change,DOWN,0.63,2299.16,0.67,0.68
2026-01-14 18:37:16,463,"Bitcoin Up or Down - January 14, 5:30AM-5:45AM ET",price_change,DOWN,0.66,547.95,0.67,0.68
2026-01-14 18:37:16,463,"Bitcoin Up or Down - January 14, 5:30AM-5:45AM ET",price_change,UP,0.23,1536.64,0.32,0.33
2026-01-14 18:37:17,462,"Bitcoin Up or Down - January 14, 5:30AM-5:45AM ET",price_change,DOWN,0.65,11.57,0.65,0.67
2026-01-14 18:37:17,462,"Bitcoin Up or Down - January 14, 5:30AM-5:45AM ET",price_change,UP,0.33,1018.12,0.33,0.35
2026-01-14 18:37:18,461,"Bitcoin Up or Down - January 14, 5:30AM-5:45AM ET",price_change,DOWN,0.65,60.48,0.65,0.66
2026-01-14 18:37:18,461,"Bitcoin Up or Down - January 14, 5:30AM-5:45AM ET",price_change,UP,0.33,277.5,0.34,0.35
2026-01-14 18:37:19,460,"Bitcoin Up or Down - January 14, 5:30AM-5:45AM ET",price_change,UP,0.34,324.4,0.34,0.35
2026-01-14 18:37:19,460,"Bitcoin Up or Down - January 14, 5:30AM-5:45AM ET",price_change,DOWN,0.61,2232.58,0.65,0.66
2026-01-14 18:37:20,459,"Bitcoin Up or Down - January 14, 5:30AM-5:45AM ET",price_change,UP,0.32,128,0.33,0.34
2026-01-14 18:37:20,459,"Bitcoin Up or Down - January 14, 5:30AM-5:45AM ET",price_change,DOWN,0.64,1489.44,0.66,0.67
2026-01-14 18:37:21,458,"Bitcoin Up or Down - January 14, 5:30AM-5:45AM ET",price_change,DOWN,0.66,166.8,0.66,0.67
2026-01-14 18:37:21,458,"Bitcoin Up or Down - January 14, 5:30AM-5:45AM ET",price_change,UP,0.32,963,0.33,0.34
2026-01-14 18:37:22,457,"Bitcoin Up or Down - January 14, 5:30AM-5:45AM ET",price_change,UP,0.32,945.5,0.33,0.34
2026-01-14 18:37:22,457,"Bitcoin Up or Down - January 14, 5:30AM-5:45AM ET",price_change,DOWN,0.65,2250.5,0.66,0.67
2026-01-14 18:37:23,456,"Bitcoin Up or Down - January 14, 5:30AM-5:45AM ET",price_change,DOWN,0.62,1378.5,0.65,0.66
2026-01-14 18:37:23,456,"Bitcoin Up or Down - January 14, 5:30AM-5:45AM ET",price_change,UP,0.29,1328.26,0.34,0.35
2026-01-14 18:37:24,455,"Bitcoin Up or Down - January 14, 5:30AM-5:45AM ET",price_change,UP,0.34,1990.19,0.34,0.35
2026-01-14 18:37:24,455,"Bitcoin Up or Down - January 14, 5:30AM-5:45AM ET",price_change,DOWN,0.64,197.45,0.65,0.66
2026-01-14 18:37:25,454,"Bitcoin Up or Down - January 14, 5:30AM-5:45AM ET",price_change,DOWN,0.63,980.26,0.65,0.66
2026-01-14 18:37:25,454,"Bitcoin Up or Down - January 14, 5:30AM-5:45AM ET",price_change,UP,0.34,2092.76,0.34,0.35
2026-01-14 18:37:26,453,"Bitcoin Up or Down - January 14, 5:30AM-5:45AM ET",price_change,UP,0.34,46.37,0.34,0.35
2026-01-14 18:37:26,453,"Bitcoin Up or Down - January 14, 5:30AM-5:45AM ET",price_change,DOWN,0.37,1041.1,0.65,0.67
2026-01-14 18:37:27,452,"Bitcoin Up or Down - January 14, 5:30AM-5:45AM ET",price_change,DOWN,0.64,1619.45,0.66,0.67
2026-01-14 18:37:27,452,"Bitcoin Up or Down - January 14, 5:30AM-5:45AM ET",price_change,UP,0.31,981,0.33,0.34
2026-01-14 18:37:28,451,"Bitcoin Up or Down - January 14, 5:30AM-5:45AM ET",price_change,UP,0.33,36.35,0.33,0.34
2026-01-14 18:37:28,451,"Bitcoin Up or Down - January 14, 5:30AM-5:45AM ET",price_change,DOWN,0.48,1455.69,0.66,0.67
2026-01-14 18:37:29,450,"Bitcoin Up or Down - January 14, 5:30AM-5:45AM ET",price_change,DOWN,0.7,375,0.7,0.71
2026-01-14 18:37:29,450,"Bitcoin Up or Down - January 14, 5:30AM-5:45AM ET",price_change,UP,0.26,896,0.29,0.3
2026-01-14 18:37:30,449,"Bitcoin Up or Down - January 14, 5:30AM-5:45AM ET",price_change,DOWN,0.69,1106.5,0.7,0.71
2026-01-14 18:37:30,449,"Bitcoin Up or Down - January 14, 5:30AM-5:45AM ET",price_change,UP,0.28,1079.9,0.29,0.3
2026-01-14 18:37:31,448,"Bitcoin Up or Down - January 14, 5:30AM-5:45AM ET",price_change,DOWN,0.63,1326.26,0.71,0.72
2026-01-14 18:37:31,448,"Bitcoin Up or Down - January 14, 5:30AM-5:45AM ET",price_change,UP,0.24,856.72,0.28,0.29
2026-01-14 18:37:32,447,"Bitcoin Up or Down - January 14, 5:30AM-5:45AM ET",price_change,UP,0.28,1088.96,0.28,0.29
2026-01-14 18:37:32,447,"Bitcoin Up or Down - January 14, 5:30AM-5:45AM ET",price_change,DOWN,0.71,1182.95,0.71,0.72
2026-01-14 18:37:33,446,"Bitcoin Up or Down - January 14, 5:30AM-5:45AM ET",price_change,UP,0.28,2612.14,0.28,0.29
2026-01-14 18:37:33,446,"Bitcoin Up or Down - January 14, 5:30AM-5:45AM ET",price_change,DOWN,0.67,1143,0.71,0.72
2026-01-14 18:37:34,445,"Bitcoin Up or Down - January 14, 5:30AM-5:45AM ET",price_change,DOWN,0.67,406,0.69,0.7
2026-01-14 18:37:34,445,"Bitcoin Up or Down - January 14, 5:30AM-5:45AM ET",price_change,UP,0.29,564.1,0.3,0.31
2026-01-14 18:37:35,444,"Bitcoin Up or Down - January 14, 5:30AM-5:45AM ET",price_change,UP,0.3,653,0.33,0.34
2026-01-14 18:37:35,444,"Bitcoin Up or Down - January 14, 5:30AM-5:45AM ET",price_change,DOWN,0.41,2043.4,0.66,0.67
2026-01-14 18:37:36,443,"Bitcoin Up or Down - January 14, 5:30AM-5:45AM ET",price_change,DOWN,0.45,1134.4,0.64,0.65
2026-01-14 18:37:36,443,"Bitcoin Up or Down - January 14, 5:30AM-5:45AM ET",price_change,UP,0.34,96,0.35,0.36
2026-01-14 18:37:37,442,"Bitcoin Up or Down - January 14, 5:30AM-5:45AM ET",price_change,DOWN,0.64,276,0.64,0.65
2026-01-14 18:37:37,442,"Bitcoin Up or Down - January 14, 5:30AM-5:45AM ET",price_change,UP,0.34,438,0.35,0.36
2026-01-14 18:37:37,441,"Bitcoin Up or Down - January 14, 5:30AM-5:45AM ET",price_change,DOWN,0.61,1592.08,0.64,0.65
2026-01-14 18:37:37,441,"Bitcoin Up or Down - January 14, 5:30AM-5:45AM ET",price_change,UP,0.35,1771.93,0.35,0.36
2026-01-14 18:37:38,440,"Bitcoin Up or Down - January 14, 5:30AM-5:45AM ET",price_change,UP,0.21,1419.8,0.35,0.36
2026-01-14 18:37:38,440,"Bitcoin Up or Down - January 14, 5:30AM-5:45AM ET",price_change,DOWN,0.64,1590,0.64,0.65
2026-01-14 18:37:40,439,"Bitcoin Up or Down - January 14, 5:30AM-5:45AM ET",price_change,UP,0.31,856,0.33,0.34
2026-01-14 18:37:40,439,"Bitcoin Up or Down - January 14, 5:30AM-5:45AM ET",price_change,DOWN,0.66,1775.44,0.66,0.67
2026-01-14 18:37:41,438,"Bitcoin Up or Down - January 14, 5:30AM-5:45AM ET",price_change,UP,0.29,886,0.32,0.33
2026-01-14 18:37:41,438,"Bitcoin Up or Down - January 14, 5:30AM-5:45AM ET",price_change,DOWN,0.5,1432.2,0.67,0.68
2026-01-14 18:37:42,437,"Bitcoin Up or Down - January 14, 5:30AM-5:45AM ET",price_change,UP,0.31,1083.5,0.31,0.32
2026-01-14 18:37:42,437,"Bitcoin Up or Down - January 14, 5:30AM-5:45AM ET",price_change,DOWN,0.68,1028.62,0.68,0.69
2026-01-14 18:37:43,436,"Bitcoin Up or Down - January 14, 5:30AM-5:45AM ET",price_change,UP,0.3,992,0.31,0.32
2026-01-14 18:37:43,436,"Bitcoin Up or Down - January 14, 5:30AM-5:45AM ET",price_change,DOWN,0.64,1133.5,0.68,0.69
2026-01-14 18:37:44,435,"Bitcoin Up or Down - January 14, 5:30AM-5:45AM ET",price_change,UP,0.31,1103.02,0.31,0.32
2026-01-14 18:37:44,435,"Bitcoin Up or Down - January 14, 5:30AM-5:45AM ET",price_change,DOWN,0.54,1597.2,0.68,0.69
2026-01-14 18:37:45,434,"Bitcoin Up or Down - January 14, 5:30AM-5:45AM ET",price_change,DOWN,0.55,1551.32,0.68,0.69
2026-01-14 18:37:45,434,"Bitcoin Up or Down - January 14, 5:30AM-5:45AM ET",price_change,UP,0.28,1045.4,0.31,0.32
2026-01-14 18:37:46,433,"Bitcoin Up or Down - January 14, 5:30AM-5:45AM ET",price_change,UP,0.31,901.3,0.31,0.32
2026-01-14 18:37:46,433,"Bitcoin Up or Down - January 14, 5:30AM-5:45AM ET",price_change,DOWN,0.63,1313.26,0.68,0.69
2026-01-14 18:37:47,432,"Bitcoin Up or Down - January 14, 5:30AM-5:45AM ET",price_change,DOWN,0.66,2576.46,0.68,0.69
2026-01-14 18:37:47,432,"Bitcoin Up or Down - January 14, 5:30AM-5:45AM ET",price_change,UP,0.25,1136.67,0.31,0.32
2026-01-14 18:37:48,431,"Bitcoin Up or Down - January 14, 5:30AM-5:45AM ET",price_change,UP,0.27,1245.43,0.31,0.32
2026-01-14 18:37:48,431,"Bitcoin Up or Down - January 14, 5:30AM-5:45AM ET",price_change,DOWN,0.65,1388,0.68,0.69
2026-01-14 18:37:49,430,"Bitcoin Up or Down - January 14, 5:30AM-5:45AM ET",price_change,DOWN,0.63,89.26,0.67,0.68
2026-01-14 18:37:49,430,"Bitcoin Up or Down - January 14, 5:30AM-5:45AM ET",price_change,UP,0.3,1369.88,0.32,0.33
2026-01-14 18:37:50,429,"Bitcoin Up or Down - January 14, 5:30AM-5:45AM ET",price_change,DOWN,0.63,858.26,0.65,0.66
2026-01-14 18:37:50,429,"Bitcoin Up or Down - January 14, 5:30AM-5:45AM ET",price_change,UP,0.34,278.71,0.34,0.35
2026-01-14 18:37:51,428,"Bitcoin Up or Down - January 14, 5:30AM-5:45AM ET",price_change,DOWN,0.63,66.31,0.63,0.64
2026-01-14 18:37:51,428,"Bitcoin Up or Down - January 14, 5:30AM-5:45AM ET",price_change,UP,0.33,480,0.36,0.37
2026-01-14 18:37:52,427,"Bitcoin Up or Down - January 14, 5:30AM-5:45AM ET",price_change,DOWN,0.52,1428.73,0.63,0.64
2026-01-14 18:37:52,427,"Bitcoin Up or Down - January 14, 5:30AM-5:45AM ET",price_change,UP,0.34,1416.02,0.36,0.37
2026-01-14 18:37:53,426,"Bitcoin Up or Down - January 14, 5:30AM-5:45AM ET",price_change,UP,0.33,512,0.36,0.37
2026-01-14 18:37:53,426,"Bitcoin Up or Down - January 14, 5:30AM-5:45AM ET",price_change,DOWN,0.57,1675.26,0.63,0.64
2026-01-14 18:37:54,425,"Bitcoin Up or Down - January 14, 5:30AM-5:45AM ET",price_change,UP,0.34,1918.02,0.36,0.37
2026-01-14 18:37:54,425,"Bitcoin Up or Down - January 14, 5:30AM-5:45AM ET",price_change,DOWN,0.57,1675.26,0.63,0.64
2026-01-14 18:37:55,424,"Bitcoin Up or Down - January 14, 5:30AM-5:45AM ET",price_change,DOWN,0.57,1685.26,0.63,0.64
2026-01-14 18:37:55,424,"Bitcoin Up or Down - January 14, 5:30AM-5:45AM ET",price_change,UP,0.33,1064,0.36,0.37
2026-01-14 18:37:56,423,"Bitcoin Up or Down - January 14, 5:30AM-5:45AM ET",price_change,UP,0.23,1922.24,0.36,0.37
2026-01-14 18:37:56,423,"Bitcoin Up or Down - January 14, 5:30AM-5:45AM ET",price_change,DOWN,0.52,1428.73,0.63,0.64
2026-01-14 18:37:57,422,"Bitcoin Up or Down - January 14, 5:30AM-5:45AM ET",price_change,UP,0.27,1038.43,0.32,0.33
2026-01-14 18:37:57,422,"Bitcoin Up or Down - January 14, 5:30AM-5:45AM ET",price_change,DOWN,0.51,1523.21,0.67,0.68
2026-01-14 18:37:58,421,"Bitcoin Up or Down - January 14, 5:30AM-5:45AM ET",price_change,UP,0.3,225,0.31,0.32
2026-01-14 18:37:58,421,"Bitcoin Up or Down - January 14, 5:30AM-5:45AM ET",price_change,DOWN,0.52,1478.73,0.68,0.69
2026-01-14 18:37:59,420,"Bitcoin Up or Down - January 14, 5:30AM-5:45AM ET",price_change,UP,0.29,94,0.29,0.3
2026-01-14 18:37:59,420,"Bitcoin Up or Down - January 14, 5:30AM-5:45AM ET",price_change,DOWN,0.59,1522.91,0.7,0.71
2026-01-14 18:38:00,419,"Bitcoin Up or Down - January 14, 5:30AM-5:45AM ET",price_change,UP,0.25,1081.72,0.29,0.3
2026-01-14 18:38:00,419,"Bitcoin Up or Down - January 14, 5:30AM-5:45AM ET",price_change,DOWN,0.67,432,0.7,0.71
2026-01-14 18:38:01,418,"Bitcoin Up or Down - January 14, 5:30AM-5:45AM ET",price_change,UP,0.23,1667.24,0.27,0.28
2026-01-14 18:38:01,418,"Bitcoin Up or Down - January 14, 5:30AM-5:45AM ET",price_change,DOWN,0.72,144,0.72,0.73
2026-01-14 18:38:02,417,"Bitcoin Up or Down - January 14, 5:30AM-5:45AM ET",price_change,DOWN,0.73,154.43,0.73,0.74
2026-01-14 18:38:02,417,"Bitcoin Up or Down - January 14, 5:30AM-5:45AM ET",price_change,UP,0.22,1304.1,0.26,0.27
2026-01-14 18:38:03,416,"Bitcoin Up or Down - January 14, 5:30AM-5:45AM ET",price_change,DOWN,0.73,130,0.73,0.74
2026-01-14 18:38:03,416,"Bitcoin Up or Down - January 14, 5:30AM-5:45AM ET",price_change,UP,0.23,1794.24,0.26,0.27
2026-01-14 18:38:04,415,"Bitcoin Up or Down - January 14, 5:30AM-5:45AM ET",price_change,DOWN,0.73,131.82,0.73,0.74
2026-01-14 18:38:04,415,"Bitcoin Up or Down - January 14, 5:30AM-5:45AM ET",price_change,UP,0.24,1360.63,0.26,0.27
2026-01-14 18:38:05,414,"Bitcoin Up or Down - January 14, 5:30AM-5:45AM ET",price_change,UP,0.25,92.9,0.25,0.27
2026-01-14 18:38:05,414,"Bitcoin Up or Down - January 14, 5:30AM-5:45AM ET",price_change,DOWN,0.69,1102,0.73,0.75
2026-01-14 18:38:06,413,"Bitcoin Up or Down - January 14, 5:30AM-5:45AM ET",price_change,DOWN,0.72,2213.11,0.74,0.75
2026-01-14 18:38:06,413,"Bitcoin Up or Down - January 14, 5:30AM-5:45AM ET",price_change,UP,0.25,141.85,0.25,0.26
2026-01-14 18:38:07,412,"Bitcoin Up or Down - January 14, 5:30AM-5:45AM ET",price_change,DOWN,0.74,857.6,0.74,0.75
2026-01-14 18:38:07,412,"Bitcoin Up or Down - January 14, 5:30AM-5:45AM ET",price_change,UP,0.22,1425.1,0.25,0.26
2026-01-14 18:38:08,411,"Bitcoin Up or Down - January 14, 5:30AM-5:45AM ET",price_change,UP,0.25,1086.37,0.25,0.26
2026-01-14 18:38:08,411,"Bitcoin Up or Down - January 14, 5:30AM-5:45AM ET",price_change,DOWN,0.69,1091,0.74,0.75
2026-01-14 18:38:09,410,"Bitcoin Up or Down - January 14, 5:30AM-5:45AM ET",price_change,DOWN,0.58,1237.07,0.74,0.75
2026-01-14 18:38:09,410,"Bitcoin Up or Down - January 14, 5:30AM-5:45AM ET",price_change,UP,0.24,333.03,0.25,0.26
2026-01-14 18:38:10,409,"Bitcoin Up or Down - January 14, 5:30AM-5:45AM ET",price_change,DOWN,0.74,814.5,0.74,0.75
2026-01-14 18:38:10,409,"Bitcoin Up or Down - January 14, 5:30AM-5:45AM ET",price_change,UP,0.22,1386.11,0.25,0.26
2026-01-14 18:38:11,408,"Bitcoin Up or Down - January 14, 5:30AM-5:45AM ET",price_change,UP,0.24,215.53,0.25,0.26
2026-01-14 18:38:11,408,"Bitcoin Up or Down - January 14, 5:30AM-5:45AM ET",price_change,DOWN,0.74,1591.4,0.74,0.75
2026-01-14 18:38:12,407,"Bitcoin Up or Down - January 14, 5:30AM-5:45AM ET",price_change,UP,0.24,27.73,0.24,0.25
2026-01-14 18:38:12,407,"Bitcoin Up or Down - January 14, 5:30AM-5:45AM ET",price_change,DOWN,0.74,2941.9,0.75,0.76
2026-01-14 18:38:13,406,"Bitcoin Up or Down - January 14, 5:30AM-5:45AM ET",price_change,UP,0.21,2147.85,0.24,0.25
2026-01-14 18:38:13,406,"Bitcoin Up or Down - January 14, 5:30AM-5:45AM ET",price_change,DOWN,0.72,2471.61,0.75,0.76
2026-01-14 18:38:14,405,"Bitcoin Up or Down - January 14, 5:30AM-5:45AM ET",price_change,DOWN,0.4,1073.4,0.73,0.74
2026-01-14 18:38:14,405,"Bitcoin Up or Down - January 14, 5:30AM-5:45AM ET",price_change,UP,0.26,527.52,0.26,0.27
2026-01-14 18:38:15,404,"Bitcoin Up or Down - January 14, 5:30AM-5:45AM ET",price_change,DOWN,0.61,1412.58,0.73,0.74
2026-01-14 18:38:15,404,"Bitcoin Up or Down - January 14, 5:30AM-5:45AM ET",price_change,UP,0.23,1995.24,0.26,0.27
2026-01-14 18:38:16,403,"Bitcoin Up or Down - January 14, 5:30AM-5:45AM ET",price_change,UP,0.22,2098.11,0.26,0.27
2026-01-14 18:38:16,403,"Bitcoin Up or Down - January 14, 5:30AM-5:45AM ET",price_change,DOWN,0.72,1283.91,0.73,0.74
2026-01-14 18:38:17,402,"Bitcoin Up or Down - January 14, 5:30AM-5:45AM ET",price_change,DOWN,0.7,1154,0.72,0.73
2026-01-14 18:38:17,402,"Bitcoin Up or Down - January 14, 5:30AM-5:45AM ET",price_change,UP,0.2,1330.1,0.27,0.28
2026-01-14 18:38:18,401,"Bitcoin Up or Down - January 14, 5:30AM-5:45AM ET",price_change,UP,0.23,1846.24,0.28,0.29
2026-01-14 18:38:18,401,"Bitcoin Up or Down - January 14, 5:30AM-5:45AM ET",price_change,DOWN,0.66,1535.78,0.71,0.72
2026-01-14 18:38:19,400,"Bitcoin Up or Down - January 14, 5:30AM-5:45AM ET",price_change,UP,0.29,714.5,0.3,0.31
2026-01-14 18:38:19,400,"Bitcoin Up or Down - January 14, 5:30AM-5:45AM ET",price_change,DOWN,0.69,722,0.69,0.7
2026-01-14 18:38:20,399,"Bitcoin Up or Down - January 14, 5:30AM-5:45AM ET",price_change,DOWN,0.69,808.2,0.69,0.7
2026-01-14 18:38:20,399,"Bitcoin Up or Down - January 14, 5:30AM-5:45AM ET",price_change,UP,0.27,2641.55,0.3,0.31
2026-01-14 18:38:21,398,"Bitcoin Up or Down - January 14, 5:30AM-5:45AM ET",price_change,DOWN,0.68,1011.22,0.69,0.7
2026-01-14 18:38:21,398,"Bitcoin Up or Down - January 14, 5:30AM-5:45AM ET",price_change,UP,0.29,558,0.3,0.31
2026-01-14 18:38:22,397,"Bitcoin Up or Down - January 14, 5:30AM-5:45AM ET",price_change,UP,0.29,632,0.3,0.31
2026-01-14 18:38:22,397,"Bitcoin Up or Down - January 14, 5:30AM-5:45AM ET",price_change,DOWN,0.66,1132.98,0.69,0.7
2026-01-14 18:38:23,396,"Bitcoin Up or Down - January 14, 5:30AM-5:45AM ET",price_change,DOWN,0.67,1232,0.69,0.7
2026-01-14 18:38:23,396,"Bitcoin Up or Down - January 14, 5:30AM-5:45AM ET",price_change,UP,0.28,1691,0.3,0.31
2026-01-14 18:38:24,395,"Bitcoin Up or Down - January 14, 5:30AM-5:45AM ET",price_change,DOWN,0.68,1410.93,0.69,0.7
2026-01-14 18:38:24,395,"Bitcoin Up or Down - January 14, 5:30AM-5:45AM ET",price_change,UP,0.27,2170,0.3,0.31
2026-01-14 18:38:25,394,"Bitcoin Up or Down - January 14, 5:30AM-5:45AM ET",price_change,UP,0.3,127.4,0.3,0.31
2026-01-14 18:38:25,394,"Bitcoin Up or Down - January 14, 5:30AM-5:45AM ET",price_change,DOWN,0.64,2417,0.69,0.7
2026-01-14 18:38:26,393,"Bitcoin Up or Down - January 14, 5:30AM-5:45AM ET",price_change,DOWN,0.35,1442.7,0.69,0.7
2026-01-14 18:38:26,393,"Bitcoin Up or Down - January 14, 5:30AM-5:45AM ET",price_change,UP,0.27,942,0.3,0.31
2026-01-14 18:38:27,392,"Bitcoin Up or Down - January 14, 5:30AM-5:45AM ET",price_change,UP,0.23,1640.74,0.29,0.3
2026-01-14 18:38:27,392,"Bitcoin Up or Down - January 14, 5:30AM-5:45AM ET",price_change,DOWN,0.67,2058,0.7,0.71
2026-01-14 18:38:28,391,"Bitcoin Up or Down - January 14, 5:30AM-5:45AM ET",price_change,DOWN,0.69,1063.4,0.69,0.71
2026-01-14 18:38:28,391,"Bitcoin Up or Down - January 14, 5:30AM-5:45AM ET",price_change,UP,0.27,1154,0.29,0.31
2026-01-14 18:38:29,390,"Bitcoin Up or Down - January 14, 5:30AM-5:45AM ET",price_change,DOWN,0.67,2053,0.7,0.71
2026-01-14 18:38:29,390,"Bitcoin Up or Down - January 14, 5:30AM-5:45AM ET",price_change,UP,0.26,1180.07,0.29,0.3
2026-01-14 18:38:30,389,"Bitcoin Up or Down - January 14, 5:30AM-5:45AM ET",price_change,DOWN,0.68,1450.92,0.7,0.71
2026-01-14 18:38:30,389,"Bitcoin Up or Down - January 14, 5:30AM-5:45AM ET",price_change,UP,0.26,1134.07,0.29,0.3
2026-01-14 18:38:31,388,"Bitcoin Up or Down - January 14, 5:30AM-5:45AM ET",price_change,DOWN,0.44,840.58,0.7,0.71
2026-01-14 18:38:31,388,"Bitcoin Up or Down - January 14, 5:30AM-5:45AM ET",price_change,UP,0.24,2356.11,0.29,0.3
2026-01-14 18:38:32,387,"Bitcoin Up or Down - January 14, 5:30AM-5:45AM ET",price_change,UP,0.1,7828.03,0.29,0.3
2026-01-14 18:38:32,387,"Bitcoin Up or Down - January 14, 5:30AM-5:45AM ET",price_change,DOWN,0.69,1218.51,0.7,0.71
2026-01-14 18:38:33,386,"Bitcoin Up or Down - January 14, 5:30AM-5:45AM ET",price_change,UP,0.29,31,0.29,0.3
2026-01-14 18:38:33,386,"Bitcoin Up or Down - January 14, 5:30AM-5:45AM ET",price_change,DOWN,0.65,1325.15,0.7,0.71
2026-01-14 18:38:34,385,"Bitcoin Up or Down - January 14, 5:30AM-5:45AM ET",price_change,DOWN,0.68,1551.42,0.7,0.71
2026-01-14 18:38:34,385,"Bitcoin Up or Down - January 14, 5:30AM-5:45AM ET",price_change,UP,0.26,1053.07,0.29,0.3
2026-01-14 18:38:35,384,"Bitcoin Up or Down - January 14, 5:30AM-5:45AM ET",price_change,DOWN,0.69,1117.51,0.7,0.71
2026-01-14 18:38:35,384,"Bitcoin Up or Down - January 14, 5:30AM-5:45AM ET",price_change,UP,0.23,1827.74,0.29,0.3
2026-01-14 18:38:36,383,"Bitcoin Up or Down - January 14, 5:30AM-5:45AM ET",price_change,UP,0.29,3579.4,0.29,0.3
2026-01-14 18:38:36,383,"Bitcoin Up or Down - January 14, 5:30AM-5:45AM ET",price_change,DOWN,0.65,1521.67,0.7,0.71
2026-01-14 18:38:37,382,"Bitcoin Up or Down - January 14, 5:30AM-5:45AM ET",price_change,DOWN,0.61,1435.58,0.67,0.68
2026-01-14 18:38:37,382,"Bitcoin Up or Down - January 14, 5:30AM-5:45AM ET",price_change,UP,0.31,823.27,0.32,0.33
2026-01-14 18:38:38,381,"Bitcoin Up or Down - January 14, 5:30AM-5:45AM ET",price_change,UP,0.32,495,0.35,0.36
2026-01-14 18:38:38,381,"Bitcoin Up or Down - January 14, 5:30AM-5:45AM ET",price_change,DOWN,0.62,919.5,0.64,0.65
2026-01-14 18:38:39,380,"Bitcoin Up or Down - January 14, 5:30AM-5:45AM ET",price_change,DOWN,0.64,104,0.64,0.65
2026-01-14 18:38:39,380,"Bitcoin Up or Down - January 14, 5:30AM-5:45AM ET",price_change,UP,0.34,672.5,0.35,0.36
2026-01-14 18:38:40,379,"Bitcoin Up or Down - January 14, 5:30AM-5:45AM ET",price_change,UP,0.35,577.39,0.35,0.36
2026-01-14 18:38:40,379,"Bitcoin Up or Down - January 14, 5:30AM-5:45AM ET",price_change,DOWN,0.56,1663.98,0.64,0.65
2026-01-14 18:38:41,378,"Bitcoin Up or Down - January 14, 5:30AM-5:45AM ET",price_change,DOWN,0.39,1101.87,0.64,0.65
2026-01-14 18:38:41,378,"Bitcoin Up or Down - January 14, 5:30AM-5:45AM ET",price_change,UP,0.33,1470,0.35,0.36
2026-01-14 18:38:42,377,"Bitcoin Up or Down - January 14, 5:30AM-5:45AM ET",price_change,DOWN,0.61,1145.58,0.64,0.65
2026-01-14 18:38:42,377,"Bitcoin Up or Down - January 14, 5:30AM-5:45AM ET",price_change,UP,0.35,1026.59,0.35,0.36
2026-01-14 18:38:43,376,"Bitcoin Up or Down - January 14, 5:30AM-5:45AM ET",price_change,DOWN,0.6,1329.96,0.64,0.65
2026-01-14 18:38:43,376,"Bitcoin Up or Down - January 14, 5:30AM-5:45AM ET",price_change,UP,0.32,1296,0.35,0.36
2026-01-14 18:38:44,375,"Bitcoin Up or Down - January 14, 5:30AM-5:45AM ET",price_change,UP,0.33,1029,0.35,0.36
2026-01-14 18:38:44,375,"Bitcoin Up or Down - January 14, 5:30AM-5:45AM ET",price_change,DOWN,0.5,1586.78,0.64,0.65
2026-01-14 18:38:45,374,"Bitcoin Up or Down - January 14, 5:30AM-5:45AM ET",price_change,DOWN,0.58,1356.69,0.64,0.65
2026-01-14 18:38:45,374,"Bitcoin Up or Down - January 14, 5:30AM-5:45AM ET",price_change,UP,0.33,634.21,0.35,0.36
2026-01-14 18:38:46,373,"Bitcoin Up or Down - January 14, 5:30AM-5:45AM ET",price_change,UP,0.31,1335.79,0.35,0.36
2026-01-14 18:38:46,373,"Bitcoin Up or Down - January 14, 5:30AM-5:45AM ET",price_change,DOWN,0.62,1053,0.64,0.65
2026-01-14 18:38:47,372,"Bitcoin Up or Down - January 14, 5:30AM-5:45AM ET",price_change,UP,0.35,798.24,0.35,0.36
2026-01-14 18:38:47,372,"Bitcoin Up or Down - January 14, 5:30AM-5:45AM ET",price_change,DOWN,0.6,1894.95,0.64,0.65
2026-01-14 18:38:48,371,"Bitcoin Up or Down - January 14, 5:30AM-5:45AM ET",price_change,DOWN,0.58,1360.69,0.64,0.65
2026-01-14 18:38:48,371,"Bitcoin Up or Down - January 14, 5:30AM-5:45AM ET",price_change,UP,0.34,330.8,0.35,0.36
2026-01-14 18:38:49,370,"Bitcoin Up or Down - January 14, 5:30AM-5:45AM ET",price_change,UP,0.33,1495.21,0.35,0.36
2026-01-14 18:38:49,370,"Bitcoin Up or Down - January 14, 5:30AM-5:45AM ET",price_change,DOWN,0.63,963,0.64,0.65
2026-01-14 18:38:50,369,"Bitcoin Up or Down - January 14, 5:30AM-5:45AM ET",price_change,UP,0.31,999.69,0.34,0.35
2026-01-14 18:38:50,369,"Bitcoin Up or Down - January 14, 5:30AM-5:45AM ET",price_change,DOWN,0.65,2218.71,0.65,0.66
2026-01-14 18:38:51,368,"Bitcoin Up or Down - January 14, 5:30AM-5:45AM ET",price_change,DOWN,0.63,971.5,0.65,0.66
2026-01-14 18:38:51,368,"Bitcoin Up or Down - January 14, 5:30AM-5:45AM ET",price_change,UP,0.19,2938.4,0.34,0.35
2026-01-14 18:38:52,367,"Bitcoin Up or Down - January 14, 5:30AM-5:45AM ET",price_change,UP,0.3,1013.63,0.34,0.35
2026-01-14 18:38:52,367,"Bitcoin Up or Down - January 14, 5:30AM-5:45AM ET",price_change,DOWN,0.6,1542.87,0.65,0.66
2026-01-14 18:38:53,366,"Bitcoin Up or Down - January 14, 5:30AM-5:45AM ET",price_change,DOWN,0.65,1839.57,0.65,0.66
2026-01-14 18:38:53,366,"Bitcoin Up or Down - January 14, 5:30AM-5:45AM ET",price_change,UP,0.33,1812.21,0.34,0.35
2026-01-14 18:38:54,365,"Bitcoin Up or Down - January 14, 5:30AM-5:45AM ET",price_change,UP,0.32,877.59,0.34,0.35
2026-01-14 18:38:54,365,"Bitcoin Up or Down - January 14, 5:30AM-5:45AM ET",price_change,DOWN,0.41,1081.4,0.65,0.66
2026-01-14 18:38:55,364,"Bitcoin Up or Down - January 14, 5:30AM-5:45AM ET",price_change,UP,0.35,212.56,0.35,0.36
2026-01-14 18:38:55,364,"Bitcoin Up or Down - January 14, 5:30AM-5:45AM ET",price_change,DOWN,0.6,1265.89,0.64,0.65
2026-01-14 18:38:56,363,"Bitcoin Up or Down - January 14, 5:30AM-5:45AM ET",price_change,DOWN,0.61,1133.09,0.61,0.62
2026-01-14 18:38:56,363,"Bitcoin Up or Down - January 14, 5:30AM-5:45AM ET",price_change,UP,0.36,1205.56,0.38,0.39
2026-01-14 18:38:57,362,"Bitcoin Up or Down - January 14, 5:30AM-5:45AM ET",price_change,DOWN,0.61,969.65,0.61,0.62
2026-01-14 18:38:57,362,"Bitcoin Up or Down - January 14, 5:30AM-5:45AM ET",price_change,UP,0.38,315.44,0.38,0.39
2026-01-14 18:38:58,361,"Bitcoin Up or Down - January 14, 5:30AM-5:45AM ET",price_change,UP,0.38,254.42,0.38,0.39
2026-01-14 18:38:58,361,"Bitcoin Up or Down - January 14, 5:30AM-5:45AM ET",price_change,DOWN,0.61,1048.37,0.61,0.62
2026-01-14 18:38:59,360,"Bitcoin Up or Down - January 14, 5:30AM-5:45AM ET",price_change,UP,0.38,230.01,0.38,0.39
2026-01-14 18:38:59,360,"Bitcoin Up or Down - January 14, 5:30AM-5:45AM ET",price_change,DOWN,0.55,1561.32,0.61,0.62
2026-01-14 18:39:00,359,"Bitcoin Up or Down - January 14, 5:30AM-5:45AM ET",price_change,UP,0.38,260.39,0.38,0.39
2026-01-14 18:39:00,359,"Bitcoin Up or Down - January 14, 5:30AM-5:45AM ET",price_change,DOWN,0.6,1967.97,0.61,0.62
2026-01-14 18:39:01,358,"Bitcoin Up or Down - January 14, 5:30AM-5:45AM ET",price_change,UP,0.31,1091.57,0.38,0.39
2026-01-14 18:39:01,358,"Bitcoin Up or Down - January 14, 5:30AM-5:45AM ET",price_change,DOWN,0.57,1232.68,0.61,0.62
2026-01-14 18:39:02,357,"Bitcoin Up or Down - January 14, 5:30AM-5:45AM ET",price_change,DOWN,0.59,1268.91,0.61,0.62
2026-01-14 18:39:02,357,"Bitcoin Up or Down - January 14, 5:30AM-5:45AM ET",price_change,UP,0.35,2379.7,0.38,0.39
2026-01-14 18:39:03,356,"Bitcoin Up or Down - January 14, 5:30AM-5:45AM ET",price_change,UP,0.38,1440.81,0.38,0.39
2026-01-14 18:39:03,356,"Bitcoin Up or Down - January 14, 5:30AM-5:45AM ET",price_change,DOWN,0.59,1245.91,0.61,0.62
2026-01-14 18:39:04,355,"Bitcoin Up or Down - January 14, 5:30AM-5:45AM ET",price_change,UP,0.37,553.14,0.38,0.39
2026-01-14 18:39:04,355,"Bitcoin Up or Down - January 14, 5:30AM-5:45AM ET",price_change,DOWN,0.61,522.9,0.61,0.62
2026-01-14 18:39:05,354,"Bitcoin Up or Down - January 14, 5:30AM-5:45AM ET",price_change,UP,0.13,1428.51,0.38,0.39
2026-01-14 18:39:05,354,"Bitcoin Up or Down - January 14, 5:30AM-5:45AM ET",price_change,DOWN,0.58,922.69,0.61,0.62
2026-01-14 18:39:06,353,"Bitcoin Up or Down - January 14, 5:30AM-5:45AM ET",price_change,DOWN,0.57,1251.18,0.61,0.62
2026-01-14 18:39:06,353,"Bitcoin Up or Down - January 14, 5:30AM-5:45AM ET",price_change,UP,0.38,1091.95,0.38,0.39
2026-01-14 18:39:07,352,"Bitcoin Up or Down - January 14, 5:30AM-5:45AM ET",price_change,DOWN,0.6,1855.97,0.61,0.62
2026-01-14 18:39:07,352,"Bitcoin Up or Down - January 14, 5:30AM-5:45AM ET",price_change,UP,0.36,2318.18,0.38,0.39
2026-01-14 18:39:08,351,"Bitcoin Up or Down - January 14, 5:30AM-5:45AM ET",price_change,DOWN,0.58,964.08,0.61,0.62
2026-01-14 18:39:08,351,"Bitcoin Up or Down - January 14, 5:30AM-5:45AM ET",price_change,UP,0.2,1425.1,0.38,0.39
2026-01-14 18:39:09,350,"Bitcoin Up or Down - January 14, 5:30AM-5:45AM ET",price_change,UP,0.38,1783.42,0.38,0.39
2026-01-14 18:39:09,350,"Bitcoin Up or Down - January 14, 5:30AM-5:45AM ET",price_change,DOWN,0.56,1077.78,0.61,0.62
2026-01-14 18:39:10,349,"Bitcoin Up or Down - January 14, 5:30AM-5:45AM ET",price_change,DOWN,0.35,2435.7,0.59,0.6
2026-01-14 18:39:10,349,"Bitcoin Up or Down - January 14, 5:30AM-5:45AM ET",price_change,UP,0.39,1774,0.4,0.41
2026-01-14 18:39:11,348,"Bitcoin Up or Down - January 14, 5:30AM-5:45AM ET",price_change,UP,0.39,1796,0.4,0.41
2026-01-14 18:39:11,348,"Bitcoin Up or Down - January 14, 5:30AM-5:45AM ET",price_change,DOWN,0.57,1010.26,0.59,0.6
2026-01-14 18:39:12,347,"Bitcoin Up or Down - January 14, 5:30AM-5:45AM ET",price_change,UP,0.4,222.38,0.4,0.41
2026-01-14 18:39:12,347,"Bitcoin Up or Down - January 14, 5:30AM-5:45AM ET",price_change,DOWN,0.59,166.62,0.59,0.6
2026-01-14 18:39:13,346,"Bitcoin Up or Down - January 14, 5:30AM-5:45AM ET",price_change,DOWN,0.58,797.69,0.59,0.6
2026-01-14 18:39:13,346,"Bitcoin Up or Down - January 14, 5:30AM-5:45AM ET",price_change,UP,0.33,1355.18,0.4,0.41
2026-01-14 18:39:14,345,"Bitcoin Up or Down - January 14, 5:30AM-5:45AM ET",price_change,DOWN,0.57,1011.18,0.59,0.6
2026-01-14 18:39:14,345,"Bitcoin Up or Down - January 14, 5:30AM-5:45AM ET",price_change,UP,0.39,1801.5,0.4,0.41
2026-01-14 18:39:15,344,"Bitcoin Up or Down - January 14, 5:30AM-5:45AM ET",price_change,DOWN,0.56,68,0.56,0.57
2026-01-14 18:39:15,344,"Bitcoin Up or Down - January 14, 5:30AM-5:45AM ET",price_change,UP,0.43,393.68,0.43,0.44
2026-01-14 18:39:16,343,"Bitcoin Up or Down - January 14, 5:30AM-5:45AM ET",price_change,UP,0.42,352.42,0.43,0.44
2026-01-14 18:39:16,343,"Bitcoin Up or Down - January 14, 5:30AM-5:45AM ET",price_change,DOWN,0.52,823.53,0.56,0.57
2026-01-14 18:39:17,342,"Bitcoin Up or Down - January 14, 5:30AM-5:45AM ET",price_change,UP,0.4,2504.82,0.43,0.44
2026-01-14 18:39:17,342,"Bitcoin Up or Down - January 14, 5:30AM-5:45AM ET",price_change,DOWN,0.33,1312.9,0.56,0.57
2026-01-14 18:39:18,341,"Bitcoin Up or Down - January 14, 5:30AM-5:45AM ET",price_change,DOWN,0.54,199.52,0.54,0.56
2026-01-14 18:39:18,341,"Bitcoin Up or Down - January 14, 5:30AM-5:45AM ET",price_change,UP,0.43,305,0.44,0.46
2026-01-14 18:39:19,340,"Bitcoin Up or Down - January 14, 5:30AM-5:45AM ET",price_change,UP,0.47,233.5,0.47,0.48
2026-01-14 18:39:19,340,"Bitcoin Up or Down - January 14, 5:30AM-5:45AM ET",price_change,DOWN,0.52,456.07,0.52,0.53
2026-01-14 18:39:20,339,"Bitcoin Up or Down - January 14, 5:30AM-5:45AM ET",price_change,DOWN,0.49,878.82,0.52,0.53
2026-01-14 18:39:20,339,"Bitcoin Up or Down - January 14, 5:30AM-5:45AM ET",price_change,UP,0.45,338.71,0.47,0.48
2026-01-14 18:39:21,338,"Bitcoin Up or Down - January 14, 5:30AM-5:45AM ET",price_change,DOWN,0.52,82,0.52,0.53
2026-01-14 18:39:21,338,"Bitcoin Up or Down - January 14, 5:30AM-5:45AM ET",price_change,UP,0.45,313.71,0.47,0.48
2026-01-14 18:39:22,337,"Bitcoin Up or Down - January 14, 5:30AM-5:45AM ET",price_change,DOWN,0.47,1177.9,0.52,0.53
2026-01-14 18:39:22,337,"Bitcoin Up or Down - January 14, 5:30AM-5:45AM ET",price_change,UP,0.45,257.71,0.47,0.48
2026-01-14 18:39:23,336,"Bitcoin Up or Down - January 14, 5:30AM-5:45AM ET",price_change,UP,0.47,2684.25,0.47,0.48
2026-01-14 18:39:23,336,"Bitcoin Up or Down - January 14, 5:30AM-5:45AM ET",price_change,DOWN,0.15,1451.09,0.52,0.53
2026-01-14 18:39:24,335,"Bitcoin Up or Down - January 14, 5:30AM-5:45AM ET",price_change,DOWN,0.52,51.63,0.52,0.53
2026-01-14 18:39:24,335,"Bitcoin Up or Down - January 14, 5:30AM-5:45AM ET",price_change,UP,0.47,2687.07,0.47,0.48
2026-01-14 18:39:25,334,"Bitcoin Up or Down - January 14, 5:30AM-5:45AM ET",price_change,DOWN,0.52,24,0.52,0.53
2026-01-14 18:39:25,334,"Bitcoin Up or Down - January 14, 5:30AM-5:45AM ET",price_change,UP,0.47,1921.57,0.47,0.48
2026-01-14 18:39:26,333,"Bitcoin Up or Down - January 14, 5:30AM-5:45AM ET",price_change,UP,0.49,332.97,0.58,0.59
2026-01-14 18:39:26,333,"Bitcoin Up or Down - January 14, 5:30AM-5:45AM ET",price_change,DOWN,0.39,7.33,0.39,0.42
2026-01-14 18:39:27,332,"Bitcoin Up or Down - January 14, 5:30AM-5:45AM ET",price_change,UP,0.47,2124.08,0.7,0.71
2026-01-14 18:39:27,332,"Bitcoin Up or Down - January 14, 5:30AM-5:45AM ET",price_change,DOWN,0.3,0,0.29,0.3
2026-01-14 18:39:28,331,"Bitcoin Up or Down - January 14, 5:30AM-5:45AM ET",price_change,UP,0.69,292.13,0.74,0.75
2026-01-14 18:39:28,331,"Bitcoin Up or Down - January 14, 5:30AM-5:45AM ET",price_change,DOWN,0.1,5401.7,0.25,0.26
2026-01-14 18:39:29,330,"Bitcoin Up or Down - January 14, 5:30AM-5:45AM ET",price_change,UP,0.74,445.99,0.74,0.75
2026-01-14 18:39:29,330,"Bitcoin Up or Down - January 14, 5:30AM-5:45AM ET",price_change,DOWN,0.23,1048.66,0.25,0.26
2026-01-14 18:39:29,329,"Bitcoin Up or Down - January 14, 5:30AM-5:45AM ET",price_change,UP,0.69,146.63,0.74,0.75
2026-01-14 18:39:29,329,"Bitcoin Up or Down - January 14, 5:30AM-5:45AM ET",price_change,DOWN,0.25,649.92,0.25,0.26
2026-01-14 18:39:31,328,"Bitcoin Up or Down - January 14, 5:30AM-5:45AM ET",price_change,DOWN,0.21,838.16,0.25,0.26
2026-01-14 18:39:31,328,"Bitcoin Up or Down - January 14, 5:30AM-5:45AM ET",price_change,UP,0.73,587,0.74,0.75
2026-01-14 18:39:32,327,"Bitcoin Up or Down - January 14, 5:30AM-5:45AM ET",price_change,DOWN,0.24,555.97,0.24,0.25
2026-01-14 18:39:32,327,"Bitcoin Up or Down - January 14, 5:30AM-5:45AM ET",price_change,UP,0.61,1066.5,0.75,0.76
2026-01-14 18:39:33,326,"Bitcoin Up or Down - January 14, 5:30AM-5:45AM ET",price_change,UP,0.7,1872.2,0.75,0.77
2026-01-14 18:39:33,326,"Bitcoin Up or Down - January 14, 5:30AM-5:45AM ET",price_change,DOWN,0.2,993.92,0.23,0.25
2026-01-14 18:39:34,325,"Bitcoin Up or Down - January 14, 5:30AM-5:45AM ET",price_change,DOWN,0.23,414.41,0.23,0.24
2026-01-14 18:39:35,325,"Bitcoin Up or Down - January 14, 5:30AM-5:45AM ET",price_change,UP,0.76,1647.26,0.76,0.77
2026-01-14 18:39:35,324,"Bitcoin Up or Down - January 14, 5:30AM-5:45AM ET",price_change,DOWN,0.23,223.06,0.23,0.24
2026-01-14 18:39:35,324,"Bitcoin Up or Down - January 14, 5:30AM-5:45AM ET",price_change,UP,0.63,1076.6,0.76,0.77
2026-01-14 18:39:36,323,"Bitcoin Up or Down - January 14, 5:30AM-5:45AM ET",price_change,UP,0.74,2295.74,0.76,0.77
2026-01-14 18:39:36,323,"Bitcoin Up or Down - January 14, 5:30AM-5:45AM ET",price_change,DOWN,0.21,1029.16,0.23,0.24
2026-01-14 18:39:37,322,"Bitcoin Up or Down - January 14, 5:30AM-5:45AM ET",price_change,DOWN,0.22,744.01,0.22,0.23
2026-01-14 18:39:37,322,"Bitcoin Up or Down - January 14, 5:30AM-5:45AM ET",price_change,UP,0.62,1161.5,0.77,0.78
2026-01-14 18:39:38,321,"Bitcoin Up or Down - January 14, 5:30AM-5:45AM ET",price_change,UP,0.76,1484.6,0.77,0.78
2026-01-14 18:39:38,321,"Bitcoin Up or Down - January 14, 5:30AM-5:45AM ET",price_change,DOWN,0.08,5162.58,0.22,0.23
2026-01-14 18:39:39,320,"Bitcoin Up or Down - January 14, 5:30AM-5:45AM ET",price_change,UP,0.76,2307.76,0.76,0.77
2026-01-14 18:39:39,320,"Bitcoin Up or Down - January 14, 5:30AM-5:45AM ET",price_change,DOWN,0.21,947.08,0.23,0.24
2026-01-14 18:39:40,319,"Bitcoin Up or Down - January 14, 5:30AM-5:45AM ET",price_change,UP,0.77,59.76,0.77,0.78
2026-01-14 18:39:40,319,"Bitcoin Up or Down - January 14, 5:30AM-5:45AM ET",price_change,DOWN,0.21,1309.24,0.22,0.23
2026-01-14 18:39:41,318,"Bitcoin Up or Down - January 14, 5:30AM-5:45AM ET",price_change,DOWN,0.22,301.41,0.22,0.23
2026-01-14 18:39:41,318,"Bitcoin Up or Down - January 14, 5:30AM-5:45AM ET",price_change,UP,0.72,1423.27,0.77,0.78
2026-01-14 18:39:42,317,"Bitcoin Up or Down - January 14, 5:30AM-5:45AM ET",price_change,UP,0.51,1198.2,0.76,0.77
2026-01-14 18:39:42,317,"Bitcoin Up or Down - January 14, 5:30AM-5:45AM ET",price_change,DOWN,0.23,37,0.23,0.24
2026-01-14 18:39:43,316,"Bitcoin Up or Down - January 14, 5:30AM-5:45AM ET",price_change,DOWN,0.23,11.98,0.23,0.24
2026-01-14 18:39:43,316,"Bitcoin Up or Down - January 14, 5:30AM-5:45AM ET",price_change,UP,0.77,18.02,0.77,0.78
2026-01-14 18:39:44,315,"Bitcoin Up or Down - January 14, 5:30AM-5:45AM ET",price_change,UP,0.52,10.2,0.77,0.78
2026-01-14 18:39:44,315,"Bitcoin Up or Down - January 14, 5:30AM-5:45AM ET",price_change,DOWN,0.08,5140.58,0.22,0.23
2026-01-14 18:39:45,314,"Bitcoin Up or Down - January 14, 5:30AM-5:45AM ET",price_change,UP,0.78,1372,0.8,0.81
2026-01-14 18:39:45,314,"Bitcoin Up or Down - January 14, 5:30AM-5:45AM ET",price_change,DOWN,0.01,14308.65,0.19,0.2
2026-01-14 18:39:46,313,"Bitcoin Up or Down - January 14, 5:30AM-5:45AM ET",price_change,UP,0.78,1356,0.81,0.82
2026-01-14 18:39:46,313,"Bitcoin Up or Down - January 14, 5:30AM-5:45AM ET",price_change,DOWN,0.16,1084,0.18,0.19
2026-01-14 18:39:47,312,"Bitcoin Up or Down - January 14, 5:30AM-5:45AM ET",price_change,UP,0.81,1089.96,0.81,0.82
2026-01-14 18:39:47,312,"Bitcoin Up or Down - January 14, 5:30AM-5:45AM ET",price_change,DOWN,0.07,5519.71,0.18,0.19
2026-01-14 18:39:48,311,"Bitcoin Up or Down - January 14, 5:30AM-5:45AM ET",price_change,DOWN,0.16,568,0.17,0.18
2026-01-14 18:39:48,311,"Bitcoin Up or Down - January 14, 5:30AM-5:45AM ET",price_change,UP,0.56,311.3,0.82,0.83
2026-01-14 18:39:49,310,"Bitcoin Up or Down - January 14, 5:30AM-5:45AM ET",price_change,UP,0.69,907.73,0.84,0.85
2026-01-14 18:39:49,310,"Bitcoin Up or Down - January 14, 5:30AM-5:45AM ET",price_change,DOWN,0.11,1647.49,0.15,0.16
2026-01-14 18:39:50,309,"Bitcoin Up or Down - January 14, 5:30AM-5:45AM ET",price_change,DOWN,0.13,1005.92,0.15,0.16
2026-01-14 18:39:50,309,"Bitcoin Up or Down - January 14, 5:30AM-5:45AM ET",price_change,UP,0.82,1873.77,0.84,0.85
2026-01-14 18:39:51,308,"Bitcoin Up or Down - January 14, 5:30AM-5:45AM ET",price_change,UP,0.7,881.2,0.84,0.85
2026-01-14 18:39:51,308,"Bitcoin Up or Down - January 14, 5:30AM-5:45AM ET",price_change,DOWN,0.1,4770.5,0.15,0.16
2026-01-14 18:39:52,307,"Bitcoin Up or Down - January 14, 5:30AM-5:45AM ET",price_change,UP,0.81,1264.72,0.84,0.85
2026-01-14 18:39:52,307,"Bitcoin Up or Down - January 14, 5:30AM-5:45AM ET",price_change,DOWN,0.11,1590.99,0.15,0.16
2026-01-14 18:39:53,306,"Bitcoin Up or Down - January 14, 5:30AM-5:45AM ET",price_change,DOWN,0.15,953.9,0.15,0.16
2026-01-14 18:39:53,306,"Bitcoin Up or Down - January 14, 5:30AM-5:45AM ET",price_change,UP,0.83,1513.92,0.84,0.85
2026-01-14 18:39:54,305,"Bitcoin Up or Down - January 14, 5:30AM-5:45AM ET",price_change,DOWN,0.15,782.81,0.15,0.16
2026-01-14 18:39:54,305,"Bitcoin Up or Down - January 14, 5:30AM-5:45AM ET",price_change,UP,0.84,2464.96,0.84,0.85
2026-01-14 18:39:55,304,"Bitcoin Up or Down - January 14, 5:30AM-5:45AM ET",price_change,UP,0.82,366.5,0.84,0.85
2026-01-14 18:39:55,304,"Bitcoin Up or Down - January 14, 5:30AM-5:45AM ET",price_change,DOWN,0.15,2437.33,0.15,0.16
2026-01-14 18:39:56,303,"Bitcoin Up or Down - January 14, 5:30AM-5:45AM ET",price_change,DOWN,0.18,524.84,0.18,0.19
2026-01-14 18:39:56,303,"Bitcoin Up or Down - January 14, 5:30AM-5:45AM ET",price_change,UP,0.77,1528.17,0.81,0.82
2026-01-14 18:39:57,302,"Bitcoin Up or Down - January 14, 5:30AM-5:45AM ET",price_change,UP,0.79,1362.5,0.81,0.82
2026-01-14 18:39:57,302,"Bitcoin Up or Down - January 14, 5:30AM-5:45AM ET",price_change,DOWN,0.18,1087.84,0.18,0.19
2026-01-14 18:39:58,301,"Bitcoin Up or Down - January 14, 5:30AM-5:45AM ET",price_change,UP,0.55,373.94,0.81,0.82
2026-01-14 18:39:58,301,"Bitcoin Up or Down - January 14, 5:30AM-5:45AM ET",price_change,DOWN,0.04,5850.15,0.18,0.19
2026-01-14 18:39:59,300,"Bitcoin Up or Down - January 14, 5:30AM-5:45AM ET",price_change,DOWN,0.18,865.12,0.18,0.19
2026-01-14 18:39:59,300,"Bitcoin Up or Down - January 14, 5:30AM-5:45AM ET",price_change,UP,0.69,1043.73,0.81,0.82
2026-01-14 18:40:00,299,"Bitcoin Up or Down - January 14, 5:30AM-5:45AM ET",price_change,UP,0.72,1172.4,0.81,0.82
2026-01-14 18:40:00,299,"Bitcoin Up or Down - January 14, 5:30AM-5:45AM ET",price_change,DOWN,0.18,753.33,0.18,0.19
2026-01-14 18:40:01,298,"Bitcoin Up or Down - January 14, 5:30AM-5:45AM ET",price_change,DOWN,0.18,361.39,0.18,0.19
2026-01-14 18:40:01,298,"Bitcoin Up or Down - January 14, 5:30AM-5:45AM ET",price_change,UP,0.69,1012.73,0.81,0.82
2026-01-14 18:40:02,297,"Bitcoin Up or Down - January 14, 5:30AM-5:45AM ET",price_change,DOWN,0.06,5487.67,0.18,0.19
2026-01-14 18:40:02,297,"Bitcoin Up or Down - January 14, 5:30AM-5:45AM ET",price_change,UP,0.79,2107.57,0.81,0.82
2026-01-14 18:40:03,296,"Bitcoin Up or Down - January 14, 5:30AM-5:45AM ET",price_change,UP,0.8,842.07,0.81,0.82
2026-01-14 18:40:03,296,"Bitcoin Up or Down - January 14, 5:30AM-5:45AM ET",price_change,DOWN,0.13,1433.92,0.18,0.19
2026-01-14 18:40:04,295,"Bitcoin Up or Down - January 14, 5:30AM-5:45AM ET",price_change,UP,0.82,2196.15,0.82,0.83
2026-01-14 18:40:04,295,"Bitcoin Up or Down - January 14, 5:30AM-5:45AM ET",price_change,DOWN,0.14,1585.67,0.17,0.18
2026-01-14 18:40:05,294,"Bitcoin Up or Down - January 14, 5:30AM-5:45AM ET",price_change,UP,0.83,1479.19,0.83,0.84
2026-01-14 18:40:05,294,"Bitcoin Up or Down - January 14, 5:30AM-5:45AM ET",price_change,DOWN,0.16,1160.71,0.16,0.17
2026-01-14 18:40:06,293,"Bitcoin Up or Down - January 14, 5:30AM-5:45AM ET",price_change,UP,0.82,2425.87,0.83,0.84
2026-01-14 18:40:06,293,"Bitcoin Up or Down - January 14, 5:30AM-5:45AM ET",price_change,DOWN,0.16,845.83,0.16,0.17
2026-01-14 18:40:07,292,"Bitcoin Up or Down - January 14, 5:30AM-5:45AM ET",price_change,UP,0.7,971.19,0.84,0.85
2026-01-14 18:40:07,292,"Bitcoin Up or Down - January 14, 5:30AM-5:45AM ET",price_change,DOWN,0.14,1331.25,0.15,0.16
2026-01-14 18:40:08,291,"Bitcoin Up or Down - January 14, 5:30AM-5:45AM ET",price_change,DOWN,0.13,1044.5,0.15,0.16
2026-01-14 18:40:08,291,"Bitcoin Up or Down - January 14, 5:30AM-5:45AM ET",price_change,UP,0.83,1910.55,0.84,0.85
2026-01-14 18:40:09,290,"Bitcoin Up or Down - January 14, 5:30AM-5:45AM ET",price_change,UP,0.86,413.45,0.86,0.87
2026-01-14 18:40:09,290,"Bitcoin Up or Down - January 14, 5:30AM-5:45AM ET",price_change,DOWN,0.09,4132.03,0.13,0.14
2026-01-14 18:40:10,289,"Bitcoin Up or Down - January 14, 5:30AM-5:45AM ET",price_change,UP,0.84,1310.5,0.86,0.87
2026-01-14 18:40:10,289,"Bitcoin Up or Down - January 14, 5:30AM-5:45AM ET",price_change,DOWN,0.12,1137.19,0.12,0.14
2026-01-14 18:40:11,288,"Bitcoin Up or Down - January 14, 5:30AM-5:45AM ET",price_change,UP,0.87,2606.42,0.87,0.88
2026-01-14 18:40:11,288,"Bitcoin Up or Down - January 14, 5:30AM-5:45AM ET",price_change,DOWN,0.12,0,0.11,0.13
2026-01-14 18:40:12,287,"Bitcoin Up or Down - January 14, 5:30AM-5:45AM ET",price_change,DOWN,0.07,4248.15,0.11,0.12
2026-01-14 18:40:12,287,"Bitcoin Up or Down - January 14, 5:30AM-5:45AM ET",price_change,UP,0.88,2587.05,0.88,0.89
2026-01-14 18:40:13,286,"Bitcoin Up or Down - January 14, 5:30AM-5:45AM ET",price_change,UP,0.89,229.41,0.89,0.9
2026-01-14 18:40:13,286,"Bitcoin Up or Down - January 14, 5:30AM-5:45AM ET",price_change,DOWN,0.1,1296.74,0.1,0.11
2026-01-14 18:40:14,285,"Bitcoin Up or Down - January 14, 5:30AM-5:45AM ET",price_change,DOWN,0.1,1016.57,0.1,0.11
2026-01-14 18:40:14,285,"Bitcoin Up or Down - January 14, 5:30AM-5:45AM ET",price_change,UP,0.82,1429.6,0.89,0.9
2026-01-14 18:40:15,284,"Bitcoin Up or Down - January 14, 5:30AM-5:45AM ET",price_change,UP,0.87,2197,0.89,0.9
2026-01-14 18:40:15,284,"Bitcoin Up or Down - January 14, 5:30AM-5:45AM ET",price_change,DOWN,0.1,296.06,0.1,0.11
2026-01-14 18:40:16,283,"Bitcoin Up or Down - January 14, 5:30AM-5:45AM ET",price_change,UP,0.87,2234.99,0.89,0.9
2026-01-14 18:40:16,283,"Bitcoin Up or Down - January 14, 5:30AM-5:45AM ET",price_change,DOWN,0.1,53.96,0.1,0.11
2026-01-14 18:40:17,282,"Bitcoin Up or Down - January 14, 5:30AM-5:45AM ET",price_change,UP,0.9,34.5,0.9,0.91
2026-01-14 18:40:17,282,"Bitcoin Up or Down - January 14, 5:30AM-5:45AM ET",price_change,DOWN,0.09,203.5,0.09,0.1
2026-01-14 18:40:18,281,"Bitcoin Up or Down - January 14, 5:30AM-5:45AM ET",price_change,UP,0.84,1417.39,0.9,0.91
2026-01-14 18:40:18,281,"Bitcoin Up or Down - January 14, 5:30AM-5:45AM ET",price_change,DOWN,0.05,5473.92,0.09,0.1
2026-01-14 18:40:19,280,"Bitcoin Up or Down - January 14, 5:30AM-5:45AM ET",price_change,UP,0.88,3954.38,0.91,0.92
2026-01-14 18:40:19,280,"Bitcoin Up or Down - January 14, 5:30AM-5:45AM ET",price_change,DOWN,0.06,3088.59,0.08,0.09
2026-01-14 18:40:20,279,"Bitcoin Up or Down - January 14, 5:30AM-5:45AM ET",price_change,UP,0.88,3979.48,0.91,0.92
2026-01-14 18:40:20,279,"Bitcoin Up or Down - January 14, 5:30AM-5:45AM ET",price_change,DOWN,0.04,6293.43,0.08,0.09
2026-01-14 18:40:21,278,"Bitcoin Up or Down - January 14, 5:30AM-5:45AM ET",price_change,DOWN,0.08,495.38,0.08,0.09
2026-01-14 18:40:21,278,"Bitcoin Up or Down - January 14, 5:30AM-5:45AM ET",price_change,UP,0.9,1118.74,0.91,0.92
2026-01-14 18:40:22,277,"Bitcoin Up or Down - January 14, 5:30AM-5:45AM ET",price_change,UP,0.81,1433.8,0.91,0.92
2026-01-14 18:40:22,277,"Bitcoin Up or Down - January 14, 5:30AM-5:45AM ET",price_change,DOWN,0.08,1346.98,0.08,0.09
2026-01-14 18:40:23,276,"Bitcoin Up or Down - January 14, 5:30AM-5:45AM ET",price_change,UP,0.91,795.82,0.91,0.92
2026-01-14 18:40:23,276,"Bitcoin Up or Down - January 14, 5:30AM-5:45AM ET",price_change,DOWN,0.08,1313.13,0.08,0.09
2026-01-14 18:40:24,275,"Bitcoin Up or Down - January 14, 5:30AM-5:45AM ET",price_change,DOWN,0.06,2794.09,0.08,0.09
2026-01-14 18:40:24,275,"Bitcoin Up or Down - January 14, 5:30AM-5:45AM ET",price_change,UP,0.91,671.64,0.91,0.92
2026-01-14 18:40:25,274,"Bitcoin Up or Down - January 14, 5:30AM-5:45AM ET",price_change,UP,0.87,2289.92,0.91,0.92
2026-01-14 18:40:25,274,"Bitcoin Up or Down - January 14, 5:30AM-5:45AM ET",price_change,DOWN,0.04,6293.43,0.08,0.09
2026-01-14 18:40:26,273,"Bitcoin Up or Down - January 14, 5:30AM-5:45AM ET",price_change,UP,0.91,563.48,0.91,0.92
2026-01-14 18:40:26,273,"Bitcoin Up or Down - January 14, 5:30AM-5:45AM ET",price_change,DOWN,0.04,6274.43,0.08,0.09
2026-01-14 18:40:27,272,"Bitcoin Up or Down - January 14, 5:30AM-5:45AM ET",price_change,UP,0.89,2319.75,0.91,0.93
2026-01-14 18:40:27,272,"Bitcoin Up or Down - January 14, 5:30AM-5:45AM ET",price_change,DOWN,0.04,6269.43,0.07,0.09
2026-01-14 18:40:28,271,"Bitcoin Up or Down - January 14, 5:30AM-5:45AM ET",price_change,UP,0.89,2297.25,0.92,0.93
2026-01-14 18:40:28,271,"Bitcoin Up or Down - January 14, 5:30AM-5:45AM ET",price_change,DOWN,0.06,2726.67,0.07,0.08
2026-01-14 18:40:29,270,"Bitcoin Up or Down - January 14, 5:30AM-5:45AM ET",price_change,UP,0.92,70.4,0.92,0.93
2026-01-14 18:40:29,270,"Bitcoin Up or Down - January 14, 5:30AM-5:45AM ET",price_change,DOWN,0.01,17279.55,0.07,0.08
2026-01-14 18:40:30,269,"Bitcoin Up or Down - January 14, 5:30AM-5:45AM ET",price_change,DOWN,0.04,6551.43,0.07,0.08
2026-01-14 18:40:30,269,"Bitcoin Up or Down - January 14, 5:30AM-5:45AM ET",price_change,UP,0.91,2405.62,0.92,0.93
2026-01-14 18:40:31,268,"Bitcoin Up or Down - January 14, 5:30AM-5:45AM ET",price_change,UP,0.92,34.71,0.92,0.93
2026-01-14 18:40:31,268,"Bitcoin Up or Down - January 14, 5:30AM-5:45AM ET",price_change,DOWN,0.05,4374.58,0.07,0.08
2026-01-14 18:40:32,267,"Bitcoin Up or Down - January 14, 5:30AM-5:45AM ET",price_change,DOWN,0.07,2443.93,0.07,0.08
2026-01-14 18:40:32,267,"Bitcoin Up or Down - January 14, 5:30AM-5:45AM ET",price_change,UP,0.92,355.45,0.92,0.93
2026-01-14 18:40:33,266,"Bitcoin Up or Down - January 14, 5:30AM-5:45AM ET",price_change,UP,0.01,13148.64,0.92,0.93
2026-01-14 18:40:33,266,"Bitcoin Up or Down - January 14, 5:30AM-5:45AM ET",price_change,DOWN,0.02,96256.46,0.07,0.08
2026-01-14 18:40:34,265,"Bitcoin Up or Down - January 14, 5:30AM-5:45AM ET",price_change,UP,0.92,316.42,0.92,0.93
2026-01-14 18:40:34,265,"Bitcoin Up or Down - January 14, 5:30AM-5:45AM ET",price_change,DOWN,0.02,96256.46,0.07,0.08
2026-01-14 18:40:35,264,"Bitcoin Up or Down - January 14, 5:30AM-5:45AM ET",price_change,UP,0.67,941.81,0.92,0.93
2026-01-14 18:40:36,264,"Bitcoin Up or Down - January 14, 5:30AM-5:45AM ET",price_change,DOWN,0.04,4572.43,0.07,0.08
2026-01-14 18:40:36,263,"Bitcoin Up or Down - January 14, 5:30AM-5:45AM ET",price_change,DOWN,0.03,8133.6,0.07,0.08
2026-01-14 18:40:36,263,"Bitcoin Up or Down - January 14, 5:30AM-5:45AM ET",price_change,UP,0.91,652.1,0.92,0.93
2026-01-14 18:40:37,262,"Bitcoin Up or Down - January 14, 5:30AM-5:45AM ET",price_change,UP,0.89,2830.22,0.91,0.92
2026-01-14 18:40:37,262,"Bitcoin Up or Down - January 14, 5:30AM-5:45AM ET",price_change,DOWN,0.05,2894.58,0.08,0.09
2026-01-14 18:40:38,261,"Bitcoin Up or Down - January 14, 5:30AM-5:45AM ET",price_change,UP,0.92,122.58,0.92,0.93
2026-01-14 18:40:38,261,"Bitcoin Up or Down - January 14, 5:30AM-5:45AM ET",price_change,DOWN,0.07,2667.18,0.07,0.08
2026-01-14 18:40:39,260,"Bitcoin Up or Down - January 14, 5:30AM-5:45AM ET",price_change,UP,0.92,20.71,0.92,0.93
2026-01-14 18:40:39,260,"Bitcoin Up or Down - January 14, 5:30AM-5:45AM ET",price_change,DOWN,0.06,2224.32,0.07,0.08
2026-01-14 18:40:40,259,"Bitcoin Up or Down - January 14, 5:30AM-5:45AM ET",price_change,UP,0.91,1632.9,0.92,0.93
2026-01-14 18:40:40,259,"Bitcoin Up or Down - January 14, 5:30AM-5:45AM ET",price_change,DOWN,0.06,3028.32,0.07,0.08
2026-01-14 18:40:41,258,"Bitcoin Up or Down - January 14, 5:30AM-5:45AM ET",price_change,UP,0.9,2833.81,0.92,0.93
2026-01-14 18:40:41,258,"Bitcoin Up or Down - January 14, 5:30AM-5:45AM ET",price_change,DOWN,0.06,3024.32,0.07,0.08
2026-01-14 18:40:42,257,"Bitcoin Up or Down - January 14, 5:30AM-5:45AM ET",price_change,UP,0.92,83.4,0.92,0.93
2026-01-14 18:40:42,257,"Bitcoin Up or Down - January 14, 5:30AM-5:45AM ET",price_change,DOWN,0.07,2171.62,0.07,0.08
2026-01-14 18:40:43,256,"Bitcoin Up or Down - January 14, 5:30AM-5:45AM ET",price_change,UP,0.92,2436.88,0.92,0.93
2026-01-14 18:40:43,256,"Bitcoin Up or Down - January 14, 5:30AM-5:45AM ET",price_change,DOWN,0.07,18.71,0.07,0.08
2026-01-14 18:40:44,255,"Bitcoin Up or Down - January 14, 5:30AM-5:45AM ET",price_change,UP,0.92,2055.29,0.94,0.95
2026-01-14 18:40:44,255,"Bitcoin Up or Down - January 14, 5:30AM-5:45AM ET",price_change,DOWN,0.05,806.94,0.05,0.06
2026-01-14 18:40:45,254,"Bitcoin Up or Down - January 14, 5:30AM-5:45AM ET",price_change,DOWN,0.05,866.29,0.05,0.06
2026-01-14 18:40:45,254,"Bitcoin Up or Down - January 14, 5:30AM-5:45AM ET",price_change,UP,0.89,2108.85,0.94,0.95
2026-01-14 18:40:46,253,"Bitcoin Up or Down - January 14, 5:30AM-5:45AM ET",price_change,DOWN,0.05,745.46,0.05,0.06
2026-01-14 18:40:46,253,"Bitcoin Up or Down - January 14, 5:30AM-5:45AM ET",price_change,UP,0.94,79.7,0.94,0.95
2026-01-14 18:40:47,252,"Bitcoin Up or Down - January 14, 5:30AM-5:45AM ET",price_change,UP,0.91,1469.26,0.92,0.93
2026-01-14 18:40:47,252,"Bitcoin Up or Down - January 14, 5:30AM-5:45AM ET",price_change,DOWN,0.05,2500.23,0.07,0.08
2026-01-14 18:40:48,251,"Bitcoin Up or Down - January 14, 5:30AM-5:45AM ET",price_change,UP,0.92,290.25,0.92,0.93
2026-01-14 18:40:48,251,"Bitcoin Up or Down - January 14, 5:30AM-5:45AM ET",price_change,DOWN,0.07,1940,0.07,0.08
2026-01-14 18:40:49,250,"Bitcoin Up or Down - January 14, 5:30AM-5:45AM ET",price_change,DOWN,0.07,1838.35,0.07,0.08
2026-01-14 18:40:49,250,"Bitcoin Up or Down - January 14, 5:30AM-5:45AM ET",price_change,UP,0.89,1887.47,0.92,0.93
2026-01-14 18:40:50,249,"Bitcoin Up or Down - January 14, 5:30AM-5:45AM ET",price_change,UP,0.67,1964.25,0.92,0.93
2026-01-14 18:40:50,249,"Bitcoin Up or Down - January 14, 5:30AM-5:45AM ET",price_change,DOWN,0.07,2121.65,0.07,0.08
2026-01-14 18:40:51,248,"Bitcoin Up or Down - January 14, 5:30AM-5:45AM ET",price_change,DOWN,0.07,1784.6,0.07,0.08
2026-01-14 18:40:51,248,"Bitcoin Up or Down - January 14, 5:30AM-5:45AM ET",price_change,UP,0.77,1454.3,0.92,0.93
2026-01-14 18:40:52,247,"Bitcoin Up or Down - January 14, 5:30AM-5:45AM ET",price_change,UP,0.91,1731.13,0.92,0.93
2026-01-14 18:40:52,247,"Bitcoin Up or Down - January 14, 5:30AM-5:45AM ET",price_change,DOWN,0.01,17640.25,0.07,0.08
2026-01-14 18:40:53,246,"Bitcoin Up or Down - January 14, 5:30AM-5:45AM ET",price_change,UP,0.92,0,0.91,0.92
2026-01-14 18:40:53,246,"Bitcoin Up or Down - January 14, 5:30AM-5:45AM ET",price_change,DOWN,0.08,62.48,0.08,0.09
2026-01-14 18:40:54,245,"Bitcoin Up or Down - January 14, 5:30AM-5:45AM ET",price_change,UP,0.89,2192.35,0.91,0.92
2026-01-14 18:40:54,245,"Bitcoin Up or Down - January 14, 5:30AM-5:45AM ET",price_change,DOWN,0.08,218,0.08,0.09
2026-01-14 18:40:55,244,"Bitcoin Up or Down - January 14, 5:30AM-5:45AM ET",price_change,DOWN,0.08,186.87,0.08,0.09
2026-01-14 18:40:55,244,"Bitcoin Up or Down - January 14, 5:30AM-5:45AM ET",price_change,UP,0.91,1225.57,0.91,0.92
2026-01-14 18:40:56,243,"Bitcoin Up or Down - January 14, 5:30AM-5:45AM ET",price_change,DOWN,0.04,2147.53,0.08,0.09
2026-01-14 18:40:56,243,"Bitcoin Up or Down - January 14, 5:30AM-5:45AM ET",price_change,UP,0.9,2520.63,0.91,0.92
2026-01-14 18:40:57,242,"Bitcoin Up or Down - January 14, 5:30AM-5:45AM ET",price_change,DOWN,0.06,2405,0.08,0.09
2026-01-14 18:40:57,242,"Bitcoin Up or Down - January 14, 5:30AM-5:45AM ET",price_change,UP,0.88,3273.43,0.91,0.92
2026-01-14 18:40:58,241,"Bitcoin Up or Down - January 14, 5:30AM-5:45AM ET",price_change,UP,0.77,1459.3,0.91,0.92
2026-01-14 18:40:58,241,"Bitcoin Up or Down - January 14, 5:30AM-5:45AM ET",price_change,DOWN,0.08,67.87,0.08,0.09
2026-01-14 18:40:59,240,"Bitcoin Up or Down - January 14, 5:30AM-5:45AM ET",price_change,UP,0.91,1194.75,0.91,0.92
2026-01-14 18:40:59,240,"Bitcoin Up or Down - January 14, 5:30AM-5:45AM ET",price_change,DOWN,0.07,2001.57,0.08,0.09
2026-01-14 18:41:00,239,"Bitcoin Up or Down - January 14, 5:30AM-5:45AM ET",price_change,DOWN,0.07,1758.67,0.08,0.09
2026-01-14 18:41:00,239,"Bitcoin Up or Down - January 14, 5:30AM-5:45AM ET",price_change,UP,0.87,390.5,0.91,0.92
2026-01-14 18:41:01,238,"Bitcoin Up or Down - January 14, 5:30AM-5:45AM ET",price_change,UP,0.86,1219.1,0.9,0.91
2026-01-14 18:41:01,238,"Bitcoin Up or Down - January 14, 5:30AM-5:45AM ET",price_change,DOWN,0.09,1353.02,0.09,0.1
2026-01-14 18:41:02,237,"Bitcoin Up or Down - January 14, 5:30AM-5:45AM ET",price_change,UP,0.88,1137.31,0.88,0.89
2026-01-14 18:41:02,237,"Bitcoin Up or Down - January 14, 5:30AM-5:45AM ET",price_change,DOWN,0.08,3648.93,0.11,0.12
2026-01-14 18:41:03,236,"Bitcoin Up or Down - January 14, 5:30AM-5:45AM ET",price_change,UP,0.85,1989.65,0.88,0.89
2026-01-14 18:41:03,236,"Bitcoin Up or Down - January 14, 5:30AM-5:45AM ET",price_change,DOWN,0.01,14545.3,0.11,0.12
2026-01-14 18:41:04,235,"Bitcoin Up or Down - January 14, 5:30AM-5:45AM ET",price_change,UP,0.88,438.15,0.88,0.89
2026-01-14 18:41:04,235,"Bitcoin Up or Down - January 14, 5:30AM-5:45AM ET",price_change,DOWN,0.09,925.39,0.11,0.12
2026-01-14 18:41:05,234,"Bitcoin Up or Down - January 14, 5:30AM-5:45AM ET",price_change,UP,0.81,1327.8,0.85,0.86
2026-01-14 18:41:05,234,"Bitcoin Up or Down - January 14, 5:30AM-5:45AM ET",price_change,DOWN,0.14,567,0.14,0.15
2026-01-14 18:41:06,233,"Bitcoin Up or Down - January 14, 5:30AM-5:45AM ET",price_change,UP,0.77,1516.3,0.85,0.86
2026-01-14 18:41:06,233,"Bitcoin Up or Down - January 14, 5:30AM-5:45AM ET",price_change,DOWN,0.13,517.92,0.14,0.15
2026-01-14 18:41:07,232,"Bitcoin Up or Down - January 14, 5:30AM-5:45AM ET",price_change,DOWN,0.11,1477.49,0.13,0.14
2026-01-14 18:41:07,232,"Bitcoin Up or Down - January 14, 5:30AM-5:45AM ET",price_change,UP,0.72,1216.41,0.86,0.87
2026-01-14 18:41:08,231,"Bitcoin Up or Down - January 14, 5:30AM-5:45AM ET",price_change,DOWN,0.11,1409.99,0.13,0.14
2026-01-14 18:41:08,231,"Bitcoin Up or Down - January 14, 5:30AM-5:45AM ET",price_change,UP,0.84,1471.45,0.86,0.87
2026-01-14 18:41:09,230,"Bitcoin Up or Down - January 14, 5:30AM-5:45AM ET",price_change,DOWN,0.08,1829.01,0.13,0.14
2026-01-14 18:41:09,230,"Bitcoin Up or Down - January 14, 5:30AM-5:45AM ET",price_change,UP,0.83,1568.83,0.86,0.87
2026-01-14 18:41:10,229,"Bitcoin Up or Down - January 14, 5:30AM-5:45AM ET",price_change,UP,0.89,1148.72,0.89,0.9
2026-01-14 18:41:10,229,"Bitcoin Up or Down - January 14, 5:30AM-5:45AM ET",price_change,DOWN,0.1,73,0.1,0.11
2026-01-14 18:41:11,228,"Bitcoin Up or Down - January 14, 5:30AM-5:45AM ET",price_change,UP,0.89,1613.7,0.89,0.9
2026-01-14 18:41:11,228,"Bitcoin Up or Down - January 14, 5:30AM-5:45AM ET",price_change,DOWN,0.07,1763.58,0.1,0.11
2026-01-14 18:41:12,227,"Bitcoin Up or Down - January 14, 5:30AM-5:45AM ET",price_change,DOWN,0.06,1762.41,0.09,0.1
2026-01-14 18:41:12,227,"Bitcoin Up or Down - January 14, 5:30AM-5:45AM ET",price_change,UP,0.86,2289.77,0.9,0.91
2026-01-14 18:41:13,226,"Bitcoin Up or Down - January 14, 5:30AM-5:45AM ET",price_change,UP,0.88,829.82,0.9,0.91
2026-01-14 18:41:13,226,"Bitcoin Up or Down - January 14, 5:30AM-5:45AM ET",price_change,DOWN,0.09,2176.4,0.09,0.1
2026-01-14 18:41:14,225,"Bitcoin Up or Down - January 14, 5:30AM-5:45AM ET",price_change,DOWN,0.01,14545.3,0.09,0.1
2026-01-14 18:41:14,225,"Bitcoin Up or Down - January 14, 5:30AM-5:45AM ET",price_change,UP,0.61,1061.5,0.9,0.91
2026-01-14 18:41:15,224,"Bitcoin Up or Down - January 14, 5:30AM-5:45AM ET",price_change,DOWN,0.07,1740.08,0.09,0.1
2026-01-14 18:41:15,224,"Bitcoin Up or Down - January 14, 5:30AM-5:45AM ET",price_change,UP,0.9,217.35,0.9,0.91
2026-01-14 18:41:16,223,"Bitcoin Up or Down - January 14, 5:30AM-5:45AM ET",price_change,UP,0.89,2457.85,0.9,0.91
2026-01-14 18:41:16,223,"Bitcoin Up or Down - January 14, 5:30AM-5:45AM ET",price_change,DOWN,0.08,1422.51,0.09,0.1
2026-01-14 18:41:17,222,"Bitcoin Up or Down - January 14, 5:30AM-5:45AM ET",price_change,UP,0.9,454.37,0.9,0.91
2026-01-14 18:41:17,222,"Bitcoin Up or Down - January 14, 5:30AM-5:45AM ET",price_change,DOWN,0.07,1762.08,0.09,0.1
2026-01-14 18:41:18,221,"Bitcoin Up or Down - January 14, 5:30AM-5:45AM ET",price_change,UP,0.9,385.64,0.9,0.91
2026-01-14 18:41:18,221,"Bitcoin Up or Down - January 14, 5:30AM-5:45AM ET",price_change,DOWN,0.07,1884.16,0.09,0.1
2026-01-14 18:41:19,220,"Bitcoin Up or Down - January 14, 5:30AM-5:45AM ET",price_change,UP,0.9,387.58,0.9,0.91
2026-01-14 18:41:19,220,"Bitcoin Up or Down - January 14, 5:30AM-5:45AM ET",price_change,DOWN,0.09,106.93,0.09,0.1
2026-01-14 18:41:20,219,"Bitcoin Up or Down - January 14, 5:30AM-5:45AM ET",price_change,UP,0.81,1483.8,0.89,0.9
2026-01-14 18:41:20,219,"Bitcoin Up or Down - January 14, 5:30AM-5:45AM ET",price_change,DOWN,0.09,3051.77,0.1,0.11
2026-01-14 18:41:21,218,"Bitcoin Up or Down - January 14, 5:30AM-5:45AM ET",price_change,UP,0.87,771.39,0.87,0.88
2026-01-14 18:41:21,218,"Bitcoin Up or Down - January 14, 5:30AM-5:45AM ET",price_change,DOWN,0.07,1855.66,0.12,0.13
2026-01-14 18:41:22,217,"Bitcoin Up or Down - January 14, 5:30AM-5:45AM ET",price_change,DOWN,0.12,844.84,0.13,0.14
2026-01-14 18:41:22,217,"Bitcoin Up or Down - January 14, 5:30AM-5:45AM ET",price_change,UP,0.86,1094.74,0.86,0.87
2026-01-14 18:41:23,216,"Bitcoin Up or Down - January 14, 5:30AM-5:45AM ET",price_change,UP,0.85,1369.54,0.86,0.87
2026-01-14 18:41:23,216,"Bitcoin Up or Down - January 14, 5:30AM-5:45AM ET",price_change,DOWN,0.12,605.92,0.13,0.14
2026-01-14 18:41:24,215,"Bitcoin Up or Down - January 14, 5:30AM-5:45AM ET",price_change,UP,0.86,1434.74,0.86,0.87
2026-01-14 18:41:24,215,"Bitcoin Up or Down - January 14, 5:30AM-5:45AM ET",price_change,DOWN,0.08,1634.37,0.13,0.14
2026-01-14 18:41:25,214,"Bitcoin Up or Down - January 14, 5:30AM-5:45AM ET",price_change,DOWN,0.09,2779.42,0.13,0.14
2026-01-14 18:41:25,214,"Bitcoin Up or Down - January 14, 5:30AM-5:45AM ET",price_change,UP,0.86,2352.68,0.86,0.87
2026-01-14 18:41:26,213,"Bitcoin Up or Down - January 14, 5:30AM-5:45AM ET",price_change,UP,0.86,1702.68,0.86,0.87
2026-01-14 18:41:26,213,"Bitcoin Up or Down - January 14, 5:30AM-5:45AM ET",price_change,DOWN,0.1,1716.51,0.13,0.14
2026-01-14 18:41:27,212,"Bitcoin Up or Down - January 14, 5:30AM-5:45AM ET",price_change,UP,0.76,1213.1,0.86,0.87
2026-01-14 18:41:27,212,"Bitcoin Up or Down - January 14, 5:30AM-5:45AM ET",price_change,DOWN,0.1,159.51,0.13,0.14
2026-01-14 18:41:28,211,"Bitcoin Up or Down - January 14, 5:30AM-5:45AM ET",price_change,UP,0.88,430.3,0.88,0.89
2026-01-14 18:41:28,211,"Bitcoin Up or Down - January 14, 5:30AM-5:45AM ET",price_change,DOWN,0.08,1343.64,0.11,0.12
2026-01-14 18:41:29,210,"Bitcoin Up or Down - January 14, 5:30AM-5:45AM ET",price_change,UP,0.71,1192.5,0.88,0.89
2026-01-14 18:41:29,210,"Bitcoin Up or Down - January 14, 5:30AM-5:45AM ET",price_change,DOWN,0.07,2022.58,0.11,0.12
2026-01-14 18:41:30,209,"Bitcoin Up or Down - January 14, 5:30AM-5:45AM ET",price_change,UP,0.88,577.22,0.88,0.89
2026-01-14 18:41:30,209,"Bitcoin Up or Down - January 14, 5:30AM-5:45AM ET",price_change,DOWN,0.1,215.49,0.11,0.12
2026-01-14 18:41:31,208,"Bitcoin Up or Down - January 14, 5:30AM-5:45AM ET",price_change,UP,0.88,624.27,0.88,0.89
2026-01-14 18:41:31,208,"Bitcoin Up or Down - January 14, 5:30AM-5:45AM ET",price_change,DOWN,0.04,2083.31,0.11,0.12
2026-01-14 18:41:32,207,"Bitcoin Up or Down - January 14, 5:30AM-5:45AM ET",price_change,UP,0.88,128.91,0.88,0.89
2026-01-14 18:41:32,207,"Bitcoin Up or Down - January 14, 5:30AM-5:45AM ET",price_change,DOWN,0.1,1718.51,0.11,0.12
2026-01-14 18:41:33,206,"Bitcoin Up or Down - January 14, 5:30AM-5:45AM ET",price_change,DOWN,0.09,3023.63,0.12,0.13
2026-01-14 18:41:33,206,"Bitcoin Up or Down - January 14, 5:30AM-5:45AM ET",price_change,UP,0.84,1180.81,0.87,0.88
2026-01-14 18:41:34,205,"Bitcoin Up or Down - January 14, 5:30AM-5:45AM ET",price_change,UP,0.83,1296.33,0.87,0.88
2026-01-14 18:41:34,205,"Bitcoin Up or Down - January 14, 5:30AM-5:45AM ET",price_change,DOWN,0.11,1924.21,0.12,0.13
2026-01-14 18:41:35,204,"Bitcoin Up or Down - January 14, 5:30AM-5:45AM ET",price_change,DOWN,0.14,105.61,0.14,0.15
2026-01-14 18:41:35,204,"Bitcoin Up or Down - January 14, 5:30AM-5:45AM ET",price_change,UP,0.81,1352.52,0.85,0.86
2026-01-14 18:41:36,203,"Bitcoin Up or Down - January 14, 5:30AM-5:45AM ET",price_change,UP,0.79,1991.26,0.85,0.86
2026-01-14 18:41:36,203,"Bitcoin Up or Down - January 14, 5:30AM-5:45AM ET",price_change,DOWN,0.12,1331,0.14,0.15
2026-01-14 18:41:37,202,"Bitcoin Up or Down - January 14, 5:30AM-5:45AM ET",price_change,UP,0.83,774.94,0.85,0.86
2026-01-14 18:41:37,202,"Bitcoin Up or Down - January 14, 5:30AM-5:45AM ET",price_change,DOWN,0.14,245.01,0.14,0.15
2026-01-14 18:41:38,201,"Bitcoin Up or Down - January 14, 5:30AM-5:45AM ET",price_change,DOWN,0.11,1490.92,0.14,0.15
2026-01-14 18:41:38,201,"Bitcoin Up or Down - January 14, 5:30AM-5:45AM ET",price_change,UP,0.83,699.94,0.85,0.86
2026-01-14 18:41:39,200,"Bitcoin Up or Down - January 14, 5:30AM-5:45AM ET",price_change,UP,0.84,0,0.83,0.85
2026-01-14 18:41:39,200,"Bitcoin Up or Down - January 14, 5:30AM-5:45AM ET",price_change,DOWN,0.1,1710.91,0.15,0.17
2026-01-14 18:41:40,199,"Bitcoin Up or Down - January 14, 5:30AM-5:45AM ET",price_change,DOWN,0.11,1423.92,0.16,0.17
2026-01-14 18:41:40,199,"Bitcoin Up or Down - January 14, 5:30AM-5:45AM ET",price_change,UP,0.8,1134.11,0.83,0.84
2026-01-14 18:41:41,198,"Bitcoin Up or Down - January 14, 5:30AM-5:45AM ET",price_change,UP,0.83,21.05,0.83,0.84
2026-01-14 18:41:41,198,"Bitcoin Up or Down - January 14, 5:30AM-5:45AM ET",price_change,DOWN,0.16,316.92,0.16,0.17
2026-01-14 18:41:42,197,"Bitcoin Up or Down - January 14, 5:30AM-5:45AM ET",price_change,DOWN,0.13,1406.66,0.16,0.17
2026-01-14 18:41:42,197,"Bitcoin Up or Down - January 14, 5:30AM-5:45AM ET",price_change,UP,0.83,2313.09,0.83,0.84
2026-01-14 18:41:43,196,"Bitcoin Up or Down - January 14, 5:30AM-5:45AM ET",price_change,UP,0.83,1713.92,0.83,0.84
2026-01-14 18:41:43,196,"Bitcoin Up or Down - January 14, 5:30AM-5:45AM ET",price_change,DOWN,0.14,2024.22,0.16,0.17
2026-01-14 18:41:44,195,"Bitcoin Up or Down - January 14, 5:30AM-5:45AM ET",price_change,UP,0.84,1427.59,0.88,0.88
2026-01-14 18:41:44,195,"Bitcoin Up or Down - January 14, 5:30AM-5:45AM ET",price_change,DOWN,0.09,306,0.12,0.12
2026-01-14 18:41:45,194,"Bitcoin Up or Down - January 14, 5:30AM-5:45AM ET",price_change,UP,0.88,465.09,0.9,0.91
2026-01-14 18:41:45,194,"Bitcoin Up or Down - January 14, 5:30AM-5:45AM ET",price_change,DOWN,0.08,1355.14,0.09,0.1
2026-01-14 18:41:46,193,"Bitcoin Up or Down - January 14, 5:30AM-5:45AM ET",price_change,UP,0.9,152.89,0.9,0.91
2026-01-14 18:41:46,193,"Bitcoin Up or Down - January 14, 5:30AM-5:45AM ET",price_change,DOWN,0.06,2191.27,0.09,0.1
2026-01-14 18:41:47,192,"Bitcoin Up or Down - January 14, 5:30AM-5:45AM ET",price_change,UP,0.7,981.19,0.9,0.92
2026-01-14 18:41:47,192,"Bitcoin Up or Down - January 14, 5:30AM-5:45AM ET",price_change,DOWN,0.07,1757.66,0.08,0.1
2026-01-14 18:41:48,191,"Bitcoin Up or Down - January 14, 5:30AM-5:45AM ET",price_change,UP,0.87,174.92,0.9,0.91
2026-01-14 18:41:48,191,"Bitcoin Up or Down - January 14, 5:30AM-5:45AM ET",price_change,DOWN,0.08,1201.22,0.09,0.1
2026-01-14 18:41:49,190,"Bitcoin Up or Down - January 14, 5:30AM-5:45AM ET",price_change,DOWN,0.08,1207.22,0.09,0.1
2026-01-14 18:41:49,190,"Bitcoin Up or Down - January 14, 5:30AM-5:45AM ET",price_change,UP,0.88,1182.09,0.9,0.91
2026-01-14 18:41:50,189,"Bitcoin Up or Down - January 14, 5:30AM-5:45AM ET",price_change,UP,0.69,2143.1,0.9,0.91
2026-01-14 18:41:50,189,"Bitcoin Up or Down - January 14, 5:30AM-5:45AM ET",price_change,DOWN,0.07,1531.66,0.09,0.1
2026-01-14 18:41:51,188,"Bitcoin Up or Down - January 14, 5:30AM-5:45AM ET",price_change,DOWN,0.07,1551.66,0.09,0.1
2026-01-14 18:41:51,188,"Bitcoin Up or Down - January 14, 5:30AM-5:45AM ET",price_change,UP,0.9,2355.02,0.9,0.91
2026-01-14 18:41:52,187,"Bitcoin Up or Down - January 14, 5:30AM-5:45AM ET",price_change,UP,0.9,2774.02,0.9,0.91
2026-01-14 18:41:52,187,"Bitcoin Up or Down - January 14, 5:30AM-5:45AM ET",price_change,DOWN,0.05,2015.75,0.09,0.1
2026-01-14 18:41:53,186,"Bitcoin Up or Down - January 14, 5:30AM-5:45AM ET",price_change,UP,0.92,929.92,0.93,0.94
2026-01-14 18:41:53,186,"Bitcoin Up or Down - January 14, 5:30AM-5:45AM ET",price_change,DOWN,0.06,2074.45,0.06,0.07
2026-01-14 18:41:54,185,"Bitcoin Up or Down - January 14, 5:30AM-5:45AM ET",price_change,UP,0.71,1192.5,0.93,0.94
2026-01-14 18:41:54,185,"Bitcoin Up or Down - January 14, 5:30AM-5:45AM ET",price_change,DOWN,0.02,95976.07,0.06,0.07
2026-01-14 18:41:55,184,"Bitcoin Up or Down - January 14, 5:30AM-5:45AM ET",price_change,UP,0.91,721,0.93,0.94
2026-01-14 18:41:55,184,"Bitcoin Up or Down - January 14, 5:30AM-5:45AM ET",price_change,DOWN,0.05,1493.27,0.06,0.07
2026-01-14 18:41:56,183,"Bitcoin Up or Down - January 14, 5:30AM-5:45AM ET",price_change,UP,0.88,1162.61,0.93,0.94
2026-01-14 18:41:56,183,"Bitcoin Up or Down - January 14, 5:30AM-5:45AM ET",price_change,DOWN,0.05,1877.38,0.06,0.08
2026-01-14 18:41:57,182,"Bitcoin Up or Down - January 14, 5:30AM-5:45AM ET",price_change,UP,0.89,1285.68,0.91,0.93
2026-01-14 18:41:57,182,"Bitcoin Up or Down - January 14, 5:30AM-5:45AM ET",price_change,DOWN,0.07,1129.01,0.07,0.09
2026-01-14 18:41:58,181,"Bitcoin Up or Down - January 14, 5:30AM-5:45AM ET",price_change,UP,0.83,2009.92,0.92,0.93
2026-01-14 18:41:58,181,"Bitcoin Up or Down - January 14, 5:30AM-5:45AM ET",price_change,DOWN,0.02,96083.07,0.07,0.08
