timestamp,left (real time),event,event_type,buy_pick,buy_price,buy_size,buy_best_bid,buy_best_ask
2026-01-13 23:29:32,28,"Bitcoin Up or Down - January 13, 10:30AM-10:45AM ET",price_change,DOWN,0.47,418.31,0.47,0.48
2026-01-13 23:29:33,27,"Bitcoin Up or Down - January 13, 10:30AM-10:45AM ET",price_change,DOWN,0.47,408.87,0.47,0.48
2026-01-13 23:29:34,27,"Bitcoin Up or Down - January 13, 10:30AM-10:45AM ET",price_change,DOWN,0.44,2804,0.47,0.48
2026-01-13 23:29:35,26,"Bitcoin Up or Down - January 13, 10:30AM-10:45AM ET",price_change,UP,0.49,2091.65,0.52,0.53
2026-01-13 23:29:35,26,"Bitcoin Up or Down - January 13, 10:30AM-10:45AM ET",price_change,DOWN,0.43,2001,0.47,0.48
2026-01-13 23:29:36,25,"Bitcoin Up or Down - January 13, 10:30AM-10:45AM ET",price_change,DOWN,0.01,16460.85,0.47,0.48
2026-01-13 23:29:36,25,"Bitcoin Up or Down - January 13, 10:30AM-10:45AM ET",price_change,UP,0.01,16232.57,0.52,0.53
2026-01-13 23:29:37,23,"Bitcoin Up or Down - January 13, 10:30AM-10:45AM ET",price_change,UP,0.43,389,0.52,0.53
2026-01-13 23:29:37,23,"Bitcoin Up or Down - January 13, 10:30AM-10:45AM ET",price_change,DOWN,0.3,582.81,0.47,0.48
2026-01-13 23:29:38,23,"Bitcoin Up or Down - January 13, 10:30AM-10:45AM ET",price_change,UP,0.52,2057.37,0.52,0.53
2026-01-13 23:29:38,22,"Bitcoin Up or Down - January 13, 10:30AM-10:45AM ET",price_change,DOWN,0.46,4085.86,0.46,0.48
2026-01-13 23:29:39,21,"Bitcoin Up or Down - January 13, 10:30AM-10:45AM ET",price_change,DOWN,0.46,4154.86,0.46,0.48
2026-01-13 23:29:39,21,"Bitcoin Up or Down - January 13, 10:30AM-10:45AM ET",price_change,UP,0.02,1694.91,0.52,0.54
2026-01-13 23:29:40,20,"Bitcoin Up or Down - January 13, 10:30AM-10:45AM ET",price_change,UP,0.47,6773.4,0.52,0.54
2026-01-13 23:29:40,20,"Bitcoin Up or Down - January 13, 10:30AM-10:45AM ET",price_change,DOWN,0.46,3228.93,0.46,0.48
2026-01-13 23:29:41,20,"Bitcoin Up or Down - January 13, 10:30AM-10:45AM ET",price_change,DOWN,0.01,16465.86,0.46,0.48
2026-01-13 23:29:41,20,"Bitcoin Up or Down - January 13, 10:30AM-10:45AM ET",price_change,UP,0.01,16232.57,0.52,0.54
2026-01-13 23:29:42,19,"Bitcoin Up or Down - January 13, 10:30AM-10:45AM ET",price_change,UP,0.35,605,0.52,0.54
2026-01-13 23:29:43,17,"Bitcoin Up or Down - January 13, 10:30AM-10:45AM ET",price_change,UP,0.51,976,0.52,0.54
2026-01-13 23:29:44,16,"Bitcoin Up or Down - January 13, 10:30AM-10:45AM ET",price_change,UP,0.52,2051.12,0.52,0.54
2026-01-13 23:29:45,15,"Bitcoin Up or Down - January 13, 10:30AM-10:45AM ET",price_change,UP,0.47,6768.4,0.53,0.54
2026-01-13 23:29:45,15,"Bitcoin Up or Down - January 13, 10:30AM-10:45AM ET",price_change,DOWN,0.02,1694.91,0.46,0.47
2026-01-13 23:29:46,14,"Bitcoin Up or Down - January 13, 10:30AM-10:45AM ET",price_change,DOWN,0.46,3159.93,0.46,0.47
2026-01-13 23:29:46,14,"Bitcoin Up or Down - January 13, 10:30AM-10:45AM ET",price_change,UP,0.49,2101.65,0.53,0.54
2026-01-13 23:29:47,14,"Bitcoin Up or Down - January 13, 10:30AM-10:45AM ET",price_change,DOWN,0.43,3001,0.46,0.47
2026-01-13 23:29:47,13,"Bitcoin Up or Down - January 13, 10:30AM-10:45AM ET",price_change,UP,0.53,14.35,0.53,0.54
2026-01-13 23:29:48,13,"Bitcoin Up or Down - January 13, 10:30AM-10:45AM ET",price_change,UP,0.49,2091.65,0.53,0.54
2026-01-13 23:29:48,12,"Bitcoin Up or Down - January 13, 10:30AM-10:45AM ET",price_change,DOWN,0.45,3134,0.46,0.47
2026-01-13 23:29:49,12,"Bitcoin Up or Down - January 13, 10:30AM-10:45AM ET",price_change,UP,0.44,1472,0.52,0.54
2026-01-13 23:29:49,11,"Bitcoin Up or Down - January 13, 10:30AM-10:45AM ET",price_change,DOWN,0.45,2134,0.46,0.48
2026-01-13 23:29:50,11,"Bitcoin Up or Down - January 13, 10:30AM-10:45AM ET",price_change,DOWN,0.24,41,0.46,0.48
2026-01-13 23:29:50,11,"Bitcoin Up or Down - January 13, 10:30AM-10:45AM ET",price_change,UP,0.45,3209,0.52,0.54
2026-01-13 23:29:51,10,"Bitcoin Up or Down - January 13, 10:30AM-10:45AM ET",price_change,UP,0.47,7150,0.52,0.54
2026-01-13 23:29:51,10,"Bitcoin Up or Down - January 13, 10:30AM-10:45AM ET",price_change,DOWN,0.01,16465.86,0.46,0.48
2026-01-13 23:29:52,9,"Bitcoin Up or Down - January 13, 10:30AM-10:45AM ET",price_change,UP,0.45,3209,0.52,0.54
2026-01-13 23:29:52,8,"Bitcoin Up or Down - January 13, 10:30AM-10:45AM ET",price_change,DOWN,0.45,2139,0.46,0.48
2026-01-13 23:29:53,8,"Bitcoin Up or Down - January 13, 10:30AM-10:45AM ET",price_change,DOWN,0.46,3115,0.46,0.47
2026-01-13 23:29:53,8,"Bitcoin Up or Down - January 13, 10:30AM-10:45AM ET",price_change,UP,0.45,3199,0.53,0.54
2026-01-13 23:29:54,7,"Bitcoin Up or Down - January 13, 10:30AM-10:45AM ET",price_change,UP,0.47,7145,0.53,0.54
2026-01-13 23:29:54,6,"Bitcoin Up or Down - January 13, 10:30AM-10:45AM ET",price_change,DOWN,0.46,3120,0.46,0.47
2026-01-13 23:29:55,6,"Bitcoin Up or Down - January 13, 10:30AM-10:45AM ET",price_change,DOWN,0.37,305,0.46,0.47
2026-01-13 23:29:55,6,"Bitcoin Up or Down - January 13, 10:30AM-10:45AM ET",price_change,UP,0.45,1699,0.53,0.54
2026-01-13 23:29:56,5,"Bitcoin Up or Down - January 13, 10:30AM-10:45AM ET",price_change,DOWN,0.34,26.6,0.46,0.47
2026-01-13 23:29:56,5,"Bitcoin Up or Down - January 13, 10:30AM-10:45AM ET",price_change,UP,0.38,0,0.53,0.54
2026-01-13 23:29:57,4,"Bitcoin Up or Down - January 13, 10:30AM-10:45AM ET",price_change,DOWN,0.46,0,0.45,0.47
2026-01-13 23:29:57,4,"Bitcoin Up or Down - January 13, 10:30AM-10:45AM ET",price_change,UP,0.47,1816,0.53,0.55
2026-01-13 23:29:58,3,"Bitcoin Up or Down - January 13, 10:30AM-10:45AM ET",price_change,UP,0.48,2780.54,0.53,0.55
2026-01-13 23:29:58,2,"Bitcoin Up or Down - January 13, 10:30AM-10:45AM ET",price_change,DOWN,0.46,10,0.46,0.47
2026-01-13 23:29:59,2,"Bitcoin Up or Down - January 13, 10:30AM-10:45AM ET",price_change,DOWN,0.42,415,0.46,0.48
2026-01-13 23:29:59,2,"Bitcoin Up or Down - January 13, 10:30AM-10:45AM ET",price_change,UP,0.44,910,0.52,0.54
2026-01-13 23:30:01,900,"Bitcoin Up or Down - January 13, 10:45AM-11:00AM ET",price_change,UP,0.44,1287.74,0.49,0.5
2026-01-13 23:30:01,899,"Bitcoin Up or Down - January 13, 10:45AM-11:00AM ET",price_change,DOWN,0.44,1257.74,0.5,0.51
2026-01-13 23:30:02,898,"Bitcoin Up or Down - January 13, 10:45AM-11:00AM ET",price_change,DOWN,0.26,10,0.5,0.51
2026-01-13 23:30:02,898,"Bitcoin Up or Down - January 13, 10:45AM-11:00AM ET",price_change,UP,0.46,575.74,0.49,0.5
2026-01-13 23:30:05,895,"Bitcoin Up or Down - January 13, 10:45AM-11:00AM ET",price_change,UP,0.49,246,0.49,0.5
2026-01-13 23:30:06,895,"Bitcoin Up or Down - January 13, 10:45AM-11:00AM ET",price_change,UP,0.49,241,0.49,0.5
2026-01-13 23:30:06,894,"Bitcoin Up or Down - January 13, 10:45AM-11:00AM ET",price_change,DOWN,0.49,42,0.5,0.51
2026-01-13 23:30:07,892,"Bitcoin Up or Down - January 13, 10:45AM-11:00AM ET",price_change,DOWN,0.46,618.74,0.5,0.51
2026-01-13 23:30:07,892,"Bitcoin Up or Down - January 13, 10:45AM-11:00AM ET",price_change,UP,0.46,618.74,0.49,0.5
2026-01-13 23:30:08,891,"Bitcoin Up or Down - January 13, 10:45AM-11:00AM ET",price_change,DOWN,0.48,2151.93,0.5,0.51
2026-01-13 23:30:09,891,"Bitcoin Up or Down - January 13, 10:45AM-11:00AM ET",price_change,UP,0.02,1594.33,0.49,0.5
2026-01-13 23:30:10,890,"Bitcoin Up or Down - January 13, 10:45AM-11:00AM ET",price_change,UP,0.48,2207.93,0.49,0.5
2026-01-13 23:30:10,890,"Bitcoin Up or Down - January 13, 10:45AM-11:00AM ET",price_change,DOWN,0.5,2668.12,0.5,0.51
2026-01-13 23:30:11,889,"Bitcoin Up or Down - January 13, 10:45AM-11:00AM ET",price_change,UP,0.1,2058,0.49,0.5
2026-01-13 23:30:11,889,"Bitcoin Up or Down - January 13, 10:45AM-11:00AM ET",price_change,DOWN,0.49,32,0.5,0.51
2026-01-13 23:30:12,888,"Bitcoin Up or Down - January 13, 10:45AM-11:00AM ET",price_change,DOWN,0.46,623.74,0.5,0.51
2026-01-13 23:30:12,888,"Bitcoin Up or Down - January 13, 10:45AM-11:00AM ET",price_change,UP,0.49,237,0.49,0.5
2026-01-13 23:30:14,886,"Bitcoin Up or Down - January 13, 10:45AM-11:00AM ET",price_change,UP,0.45,2418.74,0.49,0.5
2026-01-13 23:30:16,884,"Bitcoin Up or Down - January 13, 10:45AM-11:00AM ET",price_change,DOWN,0.5,2663.12,0.5,0.51
2026-01-13 23:30:16,884,"Bitcoin Up or Down - January 13, 10:45AM-11:00AM ET",price_change,UP,0.1,2058,0.49,0.5
2026-01-13 23:30:17,884,"Bitcoin Up or Down - January 13, 10:45AM-11:00AM ET",price_change,UP,0.1,2048,0.49,0.5
2026-01-13 23:30:17,883,"Bitcoin Up or Down - January 13, 10:45AM-11:00AM ET",price_change,DOWN,0.45,2418.74,0.5,0.51
2026-01-13 23:30:18,882,"Bitcoin Up or Down - January 13, 10:45AM-11:00AM ET",price_change,DOWN,0.49,32,0.5,0.51
2026-01-13 23:30:18,882,"Bitcoin Up or Down - January 13, 10:45AM-11:00AM ET",price_change,UP,0.49,177,0.49,0.5
2026-01-13 23:30:19,881,"Bitcoin Up or Down - January 13, 10:45AM-11:00AM ET",price_change,UP,0.49,171,0.49,0.5
2026-01-13 23:30:19,881,"Bitcoin Up or Down - January 13, 10:45AM-11:00AM ET",price_change,DOWN,0.49,42,0.5,0.51
2026-01-13 23:30:20,881,"Bitcoin Up or Down - January 13, 10:45AM-11:00AM ET",price_change,DOWN,0.44,2457.74,0.5,0.51
2026-01-13 23:30:20,881,"Bitcoin Up or Down - January 13, 10:45AM-11:00AM ET",price_change,UP,0.41,3077.31,0.49,0.5
2026-01-13 23:30:21,879,"Bitcoin Up or Down - January 13, 10:45AM-11:00AM ET",price_change,DOWN,0.48,2470.93,0.5,0.51
2026-01-13 23:30:22,877,"Bitcoin Up or Down - January 13, 10:45AM-11:00AM ET",price_change,UP,0.1,2058,0.49,0.5
2026-01-13 23:30:23,876,"Bitcoin Up or Down - January 13, 10:45AM-11:00AM ET",price_change,UP,0.44,2507.74,0.49,0.5
2026-01-13 23:30:24,874,"Bitcoin Up or Down - January 13, 10:45AM-11:00AM ET",price_change,UP,0.49,161,0.49,0.5
2026-01-13 23:30:24,874,"Bitcoin Up or Down - January 13, 10:45AM-11:00AM ET",price_change,DOWN,0.49,32,0.5,0.51
2026-01-13 23:30:25,872,"Bitcoin Up or Down - January 13, 10:45AM-11:00AM ET",price_change,UP,0.48,2546.93,0.49,0.5
2026-01-13 23:30:26,871,"Bitcoin Up or Down - January 13, 10:45AM-11:00AM ET",price_change,UP,0.47,1041.37,0.49,0.5
2026-01-13 23:30:26,871,"Bitcoin Up or Down - January 13, 10:45AM-11:00AM ET",price_change,DOWN,0.48,2477.18,0.5,0.51
2026-01-13 23:30:27,870,"Bitcoin Up or Down - January 13, 10:45AM-11:00AM ET",price_change,UP,0.33,18,0.49,0.5
2026-01-13 23:30:27,870,"Bitcoin Up or Down - January 13, 10:45AM-11:00AM ET",price_change,DOWN,0.33,18,0.5,0.51
2026-01-13 23:30:28,867,"Bitcoin Up or Down - January 13, 10:45AM-11:00AM ET",price_change,UP,0.1,2058,0.49,0.5
2026-01-13 23:30:34,862,"Bitcoin Up or Down - January 13, 11:00AM-11:15AM ET",price_change,UP,0.5,189,0.5,0.51
2026-01-13 23:30:53,847,"Bitcoin Up or Down - January 13, 11:00AM-11:15AM ET",price_change,UP,0.46,941.39,0.5,0.51
2026-01-13 23:30:53,847,"Bitcoin Up or Down - January 13, 11:00AM-11:15AM ET",price_change,DOWN,0.46,941.39,0.49,0.5
2026-01-13 23:30:55,845,"Bitcoin Up or Down - January 13, 11:00AM-11:15AM ET",price_change,UP,0.25,5,0.5,0.51
2026-01-13 23:30:56,844,"Bitcoin Up or Down - January 13, 11:00AM-11:15AM ET",price_change,UP,0.02,978,0.5,0.51
2026-01-13 23:30:56,844,"Bitcoin Up or Down - January 13, 11:00AM-11:15AM ET",price_change,DOWN,0.25,5,0.49,0.5
2026-01-13 23:31:13,827,"Bitcoin Up or Down - January 13, 11:00AM-11:15AM ET",price_change,DOWN,0.01,16470,0.49,0.5
2026-01-13 23:31:13,827,"Bitcoin Up or Down - January 13, 11:00AM-11:15AM ET",price_change,UP,0.03,383,0.5,0.51
2026-01-13 23:31:18,822,"Bitcoin Up or Down - January 13, 11:00AM-11:15AM ET",price_change,UP,0.03,433,0.5,0.51
2026-01-13 23:31:18,822,"Bitcoin Up or Down - January 13, 11:00AM-11:15AM ET",price_change,DOWN,0.03,453,0.49,0.5
