timestamp,time_left,event,event_type,buy_pick,buy_price,buy_size,buy_best_bid,buy_best_ask
2026-01-15 09:04:27,632,"Bitcoin Up or Down - January 14, 8:00PM-8:15PM ET",price_change,DOWN,0.08,3024.16,0.1,0.11
2026-01-15 09:04:27,632,"Bitcoin Up or Down - January 14, 8:00PM-8:15PM ET",price_change,UP,0.58,1098.41,0.89,0.9
2026-01-15 09:04:28,632,"Bitcoin Up or Down - January 14, 8:00PM-8:15PM ET",price_change,DOWN,0.07,1912.57,0.1,0.11
2026-01-15 09:04:28,632,"Bitcoin Up or Down - January 14, 8:00PM-8:15PM ET",price_change,UP,0.88,1333.57,0.89,0.9
2026-01-15 09:04:29,631,"Bitcoin Up or Down - January 14, 8:00PM-8:15PM ET",price_change,DOWN,0.07,1927.57,0.1,0.11
2026-01-15 09:04:29,631,"Bitcoin Up or Down - January 14, 8:00PM-8:15PM ET",price_change,UP,0.87,2688.42,0.89,0.9
2026-01-15 09:04:30,630,"Bitcoin Up or Down - January 14, 8:00PM-8:15PM ET",price_change,DOWN,0.04,1929.52,0.1,0.11
2026-01-15 09:04:30,630,"Bitcoin Up or Down - January 14, 8:00PM-8:15PM ET",price_change,UP,0.87,3668.49,0.89,0.9
2026-01-15 09:04:31,629,"Bitcoin Up or Down - January 14, 8:00PM-8:15PM ET",price_change,UP,0.85,1543.05,0.89,0.9
2026-01-15 09:04:31,629,"Bitcoin Up or Down - January 14, 8:00PM-8:15PM ET",price_change,DOWN,0.06,1936.09,0.1,0.11
2026-01-15 09:04:32,628,"Bitcoin Up or Down - January 14, 8:00PM-8:15PM ET",price_change,DOWN,0.08,2347.24,0.1,0.11
2026-01-15 09:04:32,628,"Bitcoin Up or Down - January 14, 8:00PM-8:15PM ET",price_change,UP,0.85,1531.94,0.89,0.9
2026-01-15 09:04:33,627,"Bitcoin Up or Down - January 14, 8:00PM-8:15PM ET",price_change,DOWN,0.06,1936.09,0.1,0.11
2026-01-15 09:04:33,627,"Bitcoin Up or Down - January 14, 8:00PM-8:15PM ET",price_change,UP,0.85,1526.94,0.89,0.9
2026-01-15 09:04:34,626,"Bitcoin Up or Down - January 14, 8:00PM-8:15PM ET",price_change,DOWN,0.06,1967.63,0.1,0.11
2026-01-15 09:04:34,626,"Bitcoin Up or Down - January 14, 8:00PM-8:15PM ET",price_change,UP,0.89,1901.04,0.89,0.9
2026-01-15 09:04:35,625,"Bitcoin Up or Down - January 14, 8:00PM-8:15PM ET",price_change,DOWN,0.06,1967.63,0.1,0.11
2026-01-15 09:04:35,625,"Bitcoin Up or Down - January 14, 8:00PM-8:15PM ET",price_change,UP,0.87,3634.5,0.89,0.9
2026-01-15 09:04:36,624,"Bitcoin Up or Down - January 14, 8:00PM-8:15PM ET",price_change,DOWN,0.01,12211.17,0.1,0.11
2026-01-15 09:04:36,624,"Bitcoin Up or Down - January 14, 8:00PM-8:15PM ET",price_change,UP,0.89,4023.17,0.89,0.9
2026-01-15 09:04:40,619,"Bitcoin Up or Down - January 14, 8:15PM-8:30PM ET",price_change,UP,0.37,960,0.48,0.49
2026-01-15 09:04:41,619,"Bitcoin Up or Down - January 14, 8:15PM-8:30PM ET",price_change,DOWN,0.46,400,0.51,0.52
2026-01-15 09:04:42,618,"Bitcoin Up or Down - January 14, 8:15PM-8:30PM ET",price_change,DOWN,0.5,5977.81,0.51,0.52
2026-01-15 09:04:43,617,"Bitcoin Up or Down - January 14, 8:15PM-8:30PM ET",price_change,UP,0.15,2035,0.48,0.49
2026-01-15 09:04:44,616,"Bitcoin Up or Down - January 14, 8:15PM-8:30PM ET",price_change,UP,0.1,2060,0.48,0.49
2026-01-15 09:04:45,614,"Bitcoin Up or Down - January 14, 8:15PM-8:30PM ET",price_change,DOWN,0.45,4513,0.51,0.52
2026-01-15 09:04:49,610,"Bitcoin Up or Down - January 14, 8:15PM-8:30PM ET",price_change,DOWN,0.4,1997.5,0.51,0.52
2026-01-15 09:04:49,610,"Bitcoin Up or Down - January 14, 8:15PM-8:30PM ET",price_change,UP,0.1,2060,0.48,0.49
2026-01-15 09:04:50,610,"Bitcoin Up or Down - January 14, 8:15PM-8:30PM ET",price_change,UP,0.1,2050,0.48,0.49
2026-01-15 09:04:51,609,"Bitcoin Up or Down - January 14, 8:15PM-8:30PM ET",price_change,UP,0.34,769,0.48,0.49
2026-01-15 09:04:53,607,"Bitcoin Up or Down - January 14, 8:15PM-8:30PM ET",price_change,DOWN,0.41,2224.82,0.51,0.52
2026-01-15 09:04:53,607,"Bitcoin Up or Down - January 14, 8:15PM-8:30PM ET",price_change,UP,0.47,139,0.48,0.49
2026-01-15 09:04:54,606,"Bitcoin Up or Down - January 14, 8:15PM-8:30PM ET",price_change,DOWN,0.51,1268.04,0.51,0.52
2026-01-15 09:04:54,605,"Bitcoin Up or Down - January 14, 8:15PM-8:30PM ET",price_change,UP,0.41,3053.82,0.48,0.49
2026-01-15 09:04:55,604,"Bitcoin Up or Down - January 14, 8:15PM-8:30PM ET",price_change,UP,0.1,2060,0.48,0.49
2026-01-15 09:05:00,600,"Bitcoin Up or Down - January 14, 8:15PM-8:30PM ET",price_change,DOWN,0.46,1600,0.51,0.52
2026-01-15 09:05:00,600,"Bitcoin Up or Down - January 14, 8:15PM-8:30PM ET",price_change,UP,0.46,316,0.48,0.49
2026-01-15 09:05:01,599,"Bitcoin Up or Down - January 14, 8:15PM-8:30PM ET",price_change,UP,0.1,2060,0.48,0.49
2026-01-15 09:05:01,598,"Bitcoin Up or Down - January 14, 8:15PM-8:30PM ET",price_change,DOWN,0.04,61.5,0.51,0.52
2026-01-15 09:05:02,598,"Bitcoin Up or Down - January 14, 8:15PM-8:30PM ET",price_change,DOWN,0.4,1497.5,0.51,0.52
2026-01-15 09:05:02,598,"Bitcoin Up or Down - January 14, 8:15PM-8:30PM ET",price_change,UP,0.35,7,0.48,0.49
2026-01-15 09:05:03,596,"Bitcoin Up or Down - January 14, 8:15PM-8:30PM ET",price_change,DOWN,0.04,107.75,0.51,0.52
2026-01-15 09:05:03,596,"Bitcoin Up or Down - January 14, 8:15PM-8:30PM ET",price_change,UP,0.04,107.75,0.48,0.49
2026-01-15 09:05:04,596,"Bitcoin Up or Down - January 14, 8:15PM-8:30PM ET",price_change,UP,0.03,632.31,0.48,0.49
2026-01-15 09:05:04,596,"Bitcoin Up or Down - January 14, 8:15PM-8:30PM ET",price_change,DOWN,0.03,652.31,0.51,0.52
2026-01-15 09:05:05,595,"Bitcoin Up or Down - January 14, 8:15PM-8:30PM ET",price_change,DOWN,0.05,115.6,0.51,0.52
2026-01-15 09:05:05,594,"Bitcoin Up or Down - January 14, 8:15PM-8:30PM ET",price_change,UP,0.48,19.53,0.48,0.49
2026-01-15 09:05:07,593,"Bitcoin Up or Down - January 14, 8:15PM-8:30PM ET",price_change,UP,0.1,2060,0.48,0.49
2026-01-15 09:05:08,592,"Bitcoin Up or Down - January 14, 8:15PM-8:30PM ET",price_change,UP,0.48,9.53,0.48,0.49
2026-01-15 09:05:08,592,"Bitcoin Up or Down - January 14, 8:15PM-8:30PM ET",price_change,DOWN,0.02,1292.01,0.51,0.52
2026-01-15 09:05:09,591,"Bitcoin Up or Down - January 14, 8:15PM-8:30PM ET",price_change,DOWN,0.07,69.13,0.51,0.52
2026-01-15 09:05:09,591,"Bitcoin Up or Down - January 14, 8:15PM-8:30PM ET",price_change,UP,0.07,69.13,0.48,0.49
2026-01-15 09:05:10,590,"Bitcoin Up or Down - January 14, 8:15PM-8:30PM ET",price_change,UP,0.48,14.53,0.48,0.49
2026-01-15 09:05:10,590,"Bitcoin Up or Down - January 14, 8:15PM-8:30PM ET",price_change,DOWN,0.06,75.67,0.51,0.52
2026-01-15 09:05:11,589,"Bitcoin Up or Down - January 14, 8:15PM-8:30PM ET",price_change,UP,0.42,8139,0.48,0.49
2026-01-15 09:05:11,589,"Bitcoin Up or Down - January 14, 8:15PM-8:30PM ET",price_change,DOWN,0.48,375,0.51,0.52
2026-01-15 09:05:12,588,"Bitcoin Up or Down - January 14, 8:15PM-8:30PM ET",price_change,DOWN,0.5,309,0.51,0.52
2026-01-15 09:05:12,587,"Bitcoin Up or Down - January 14, 8:15PM-8:30PM ET",price_change,UP,0.47,138.53,0.47,0.49
2026-01-15 09:05:13,587,"Bitcoin Up or Down - January 14, 8:15PM-8:30PM ET",price_change,UP,0.1,2060,0.47,0.49
2026-01-15 09:05:15,585,"Bitcoin Up or Down - January 14, 8:15PM-8:30PM ET",price_change,UP,0.47,145.79,0.48,0.49
2026-01-15 09:05:15,584,"Bitcoin Up or Down - January 14, 8:15PM-8:30PM ET",price_change,DOWN,0.52,271.71,0.52,0.53
2026-01-15 09:05:16,584,"Bitcoin Up or Down - January 14, 8:15PM-8:30PM ET",price_change,DOWN,0.51,5405.04,0.52,0.53
2026-01-15 09:05:16,584,"Bitcoin Up or Down - January 14, 8:15PM-8:30PM ET",price_change,UP,0.42,7139,0.47,0.48
2026-01-15 09:05:17,583,"Bitcoin Up or Down - January 14, 8:15PM-8:30PM ET",price_change,DOWN,0.21,807,0.52,0.53
2026-01-15 09:05:17,582,"Bitcoin Up or Down - January 14, 8:15PM-8:30PM ET",price_change,UP,0.42,7639,0.47,0.48
2026-01-15 09:05:18,581,"Bitcoin Up or Down - January 14, 8:15PM-8:30PM ET",price_change,UP,0.47,99.52,0.47,0.48
2026-01-15 09:05:22,577,"Bitcoin Up or Down - January 14, 8:15PM-8:30PM ET",price_change,DOWN,0.42,1800,0.52,0.53
2026-01-15 09:05:22,577,"Bitcoin Up or Down - January 14, 8:15PM-8:30PM ET",price_change,UP,0.37,960,0.47,0.48
2026-01-15 09:05:24,576,"Bitcoin Up or Down - January 14, 8:15PM-8:30PM ET",price_change,UP,0.1,2070,0.47,0.48
2026-01-15 09:05:26,574,"Bitcoin Up or Down - January 14, 8:15PM-8:30PM ET",price_change,DOWN,0.47,1535,0.52,0.53
2026-01-15 09:05:28,571,"Bitcoin Up or Down - January 14, 8:15PM-8:30PM ET",price_change,DOWN,0.51,5443.04,0.52,0.53
2026-01-15 09:05:30,570,"Bitcoin Up or Down - January 14, 8:15PM-8:30PM ET",price_change,UP,0.1,2070,0.47,0.48
2026-01-15 09:05:32,567,"Bitcoin Up or Down - January 14, 8:15PM-8:30PM ET",price_change,UP,0.39,1433.8,0.47,0.48
2026-01-15 09:05:32,567,"Bitcoin Up or Down - January 14, 8:15PM-8:30PM ET",price_change,DOWN,0.47,1035,0.52,0.53
2026-01-15 09:05:33,567,"Bitcoin Up or Down - January 14, 8:15PM-8:30PM ET",price_change,UP,0.35,7,0.47,0.48
2026-01-15 09:05:33,567,"Bitcoin Up or Down - January 14, 8:15PM-8:30PM ET",price_change,DOWN,0.49,504,0.52,0.53
2026-01-15 09:05:34,566,"Bitcoin Up or Down - January 14, 8:15PM-8:30PM ET",price_change,DOWN,0.51,1301.04,0.52,0.53
2026-01-15 09:05:34,566,"Bitcoin Up or Down - January 14, 8:15PM-8:30PM ET",price_change,UP,0.44,1445,0.47,0.48
2026-01-15 09:05:35,564,"Bitcoin Up or Down - January 14, 8:15PM-8:30PM ET",price_change,UP,0.1,2070,0.47,0.48
2026-01-15 09:05:36,564,"Bitcoin Up or Down - January 14, 8:15PM-8:30PM ET",price_change,UP,0.1,2060,0.47,0.48
2026-01-15 09:05:38,562,"Bitcoin Up or Down - January 14, 8:15PM-8:30PM ET",price_change,UP,0.45,4125,0.47,0.48
2026-01-15 09:05:38,562,"Bitcoin Up or Down - January 14, 8:15PM-8:30PM ET",price_change,DOWN,0.48,370,0.52,0.53
2026-01-15 09:05:39,561,"Bitcoin Up or Down - January 14, 8:15PM-8:30PM ET",price_change,UP,0.44,2445,0.47,0.48
2026-01-15 09:05:39,561,"Bitcoin Up or Down - January 14, 8:15PM-8:30PM ET",price_change,DOWN,0.45,5213,0.52,0.53
2026-01-15 09:05:41,558,"Bitcoin Up or Down - January 14, 8:15PM-8:30PM ET",price_change,UP,0.1,2070,0.47,0.48
2026-01-15 09:05:42,558,"Bitcoin Up or Down - January 14, 8:15PM-8:30PM ET",price_change,UP,0.1,2060,0.47,0.48
2026-01-15 09:05:44,555,"Bitcoin Up or Down - January 14, 8:15PM-8:30PM ET",price_change,UP,0.45,3767,0.47,0.48
2026-01-15 09:05:44,555,"Bitcoin Up or Down - January 14, 8:15PM-8:30PM ET",price_change,DOWN,0.5,314,0.52,0.53
2026-01-15 09:05:47,552,"Bitcoin Up or Down - January 14, 8:15PM-8:30PM ET",price_change,UP,0.1,2070,0.47,0.48
2026-01-15 09:05:48,552,"Bitcoin Up or Down - January 14, 8:15PM-8:30PM ET",price_change,DOWN,0.52,1773.1,0.52,0.53
2026-01-15 09:05:48,552,"Bitcoin Up or Down - January 14, 8:15PM-8:30PM ET",price_change,UP,0.42,3139,0.47,0.48
2026-01-15 09:05:49,550,"Bitcoin Up or Down - January 14, 8:15PM-8:30PM ET",price_change,DOWN,0.52,1521.81,0.52,0.53
2026-01-15 09:05:51,548,"Bitcoin Up or Down - January 14, 8:15PM-8:30PM ET",price_change,DOWN,0.5,314,0.52,0.53
2026-01-15 09:05:51,548,"Bitcoin Up or Down - January 14, 8:15PM-8:30PM ET",price_change,UP,0.45,3767,0.47,0.48
2026-01-15 09:05:52,548,"Bitcoin Up or Down - January 14, 8:15PM-8:30PM ET",price_change,UP,0.44,3303,0.47,0.48
2026-01-15 09:05:52,548,"Bitcoin Up or Down - January 14, 8:15PM-8:30PM ET",price_change,DOWN,0.51,5443.04,0.52,0.53
2026-01-15 09:05:53,547,"Bitcoin Up or Down - January 14, 8:15PM-8:30PM ET",price_change,UP,0.1,2070,0.47,0.48
2026-01-15 09:05:54,545,"Bitcoin Up or Down - January 14, 8:15PM-8:30PM ET",price_change,UP,0.37,960,0.47,0.48
2026-01-15 09:05:56,543,"Bitcoin Up or Down - January 14, 8:15PM-8:30PM ET",price_change,UP,0.45,3777,0.47,0.48
2026-01-15 09:05:56,543,"Bitcoin Up or Down - January 14, 8:15PM-8:30PM ET",price_change,DOWN,0.4,1507.5,0.52,0.53
2026-01-15 09:05:57,543,"Bitcoin Up or Down - January 14, 8:15PM-8:30PM ET",price_change,UP,0.47,109.52,0.47,0.48
2026-01-15 09:05:57,543,"Bitcoin Up or Down - January 14, 8:15PM-8:30PM ET",price_change,DOWN,0.38,1173,0.52,0.53
2026-01-15 09:05:58,542,"Bitcoin Up or Down - January 14, 8:15PM-8:30PM ET",price_change,DOWN,0.52,1501.81,0.52,0.53
2026-01-15 09:05:59,541,"Bitcoin Up or Down - January 14, 8:15PM-8:30PM ET",price_change,UP,0.1,2070,0.47,0.48
2026-01-15 09:06:01,539,"Bitcoin Up or Down - January 14, 8:15PM-8:30PM ET",price_change,DOWN,0.52,1491.4,0.52,0.53
2026-01-15 09:06:01,538,"Bitcoin Up or Down - January 14, 8:15PM-8:30PM ET",price_change,UP,0.16,43,0.47,0.48
2026-01-15 09:06:04,535,"Bitcoin Up or Down - January 14, 8:15PM-8:30PM ET",price_change,UP,0.1,2070,0.47,0.48
2026-01-15 09:06:05,535,"Bitcoin Up or Down - January 14, 8:15PM-8:30PM ET",price_change,UP,0.1,2060,0.47,0.48
2026-01-15 09:06:09,531,"Bitcoin Up or Down - January 14, 8:15PM-8:30PM ET",price_change,DOWN,0.51,1301.04,0.52,0.53
2026-01-15 09:06:09,531,"Bitcoin Up or Down - January 14, 8:15PM-8:30PM ET",price_change,UP,0.44,2445,0.47,0.48
2026-01-15 09:06:10,529,"Bitcoin Up or Down - January 14, 8:15PM-8:30PM ET",price_change,UP,0.1,2070,0.47,0.48
2026-01-15 09:06:16,524,"Bitcoin Up or Down - January 14, 8:15PM-8:30PM ET",price_change,UP,0.37,760,0.47,0.48
2026-01-15 09:06:16,523,"Bitcoin Up or Down - January 14, 8:15PM-8:30PM ET",price_change,DOWN,0.5,4157,0.52,0.53
2026-01-15 09:06:22,518,"Bitcoin Up or Down - January 14, 8:15PM-8:30PM ET",price_change,UP,0.1,2070,0.47,0.48
2026-01-15 09:06:23,516,"Bitcoin Up or Down - January 14, 8:15PM-8:30PM ET",price_change,DOWN,0.5,4162.2,0.52,0.53
2026-01-15 09:06:27,512,"Bitcoin Up or Down - January 14, 8:15PM-8:30PM ET",price_change,UP,0.1,2070,0.47,0.48
2026-01-15 09:06:28,512,"Bitcoin Up or Down - January 14, 8:15PM-8:30PM ET",price_change,UP,0.47,103.85,0.47,0.48
2026-01-15 09:06:28,512,"Bitcoin Up or Down - January 14, 8:15PM-8:30PM ET",price_change,DOWN,0.33,60,0.52,0.53
2026-01-15 09:06:30,509,"Bitcoin Up or Down - January 14, 8:15PM-8:30PM ET",price_change,DOWN,0.52,1449.73,0.52,0.53
2026-01-15 09:06:32,507,"Bitcoin Up or Down - January 14, 8:15PM-8:30PM ET",price_change,UP,0.47,402.85,0.47,0.48
2026-01-15 09:06:33,506,"Bitcoin Up or Down - January 14, 8:15PM-8:30PM ET",price_change,UP,0.1,2070,0.47,0.48
2026-01-15 09:06:34,505,"Bitcoin Up or Down - January 14, 8:15PM-8:30PM ET",price_change,DOWN,0.25,70.37,0.52,0.53
2026-01-15 09:06:39,501,"Bitcoin Up or Down - January 14, 8:15PM-8:30PM ET",price_change,DOWN,0.45,4213,0.52,0.53
2026-01-15 09:06:39,501,"Bitcoin Up or Down - January 14, 8:15PM-8:30PM ET",price_change,UP,0.42,2339,0.47,0.48
2026-01-15 09:06:43,496,"Bitcoin Up or Down - January 14, 8:15PM-8:30PM ET",price_change,DOWN,0.36,719,0.52,0.53
2026-01-15 09:06:43,496,"Bitcoin Up or Down - January 14, 8:15PM-8:30PM ET",price_change,UP,0.46,615,0.47,0.48
2026-01-15 09:06:45,495,"Bitcoin Up or Down - January 14, 8:15PM-8:30PM ET",price_change,UP,0.1,2070,0.47,0.48
2026-01-15 09:06:46,494,"Bitcoin Up or Down - January 14, 8:15PM-8:30PM ET",price_change,UP,0.47,892.85,0.47,0.48
2026-01-15 09:06:46,494,"Bitcoin Up or Down - January 14, 8:15PM-8:30PM ET",price_change,DOWN,0.45,4713,0.52,0.53
2026-01-15 09:06:48,492,"Bitcoin Up or Down - January 14, 8:15PM-8:30PM ET",price_change,DOWN,0.42,2800,0.52,0.53
2026-01-15 09:06:50,489,"Bitcoin Up or Down - January 14, 8:15PM-8:30PM ET",price_change,UP,0.1,2070,0.47,0.48
2026-01-15 09:06:51,489,"Bitcoin Up or Down - January 14, 8:15PM-8:30PM ET",price_change,UP,0.1,2060,0.47,0.48
2026-01-15 09:06:56,483,"Bitcoin Up or Down - January 14, 8:15PM-8:30PM ET",price_change,UP,0.1,2070,0.47,0.48
2026-01-15 09:06:58,482,"Bitcoin Up or Down - January 14, 8:15PM-8:30PM ET",price_change,UP,0.43,7877,0.47,0.48
2026-01-15 09:07:02,478,"Bitcoin Up or Down - January 14, 8:15PM-8:30PM ET",price_change,UP,0.1,2070,0.47,0.48
2026-01-15 09:07:08,472,"Bitcoin Up or Down - January 14, 8:15PM-8:30PM ET",price_change,UP,0.1,2070,0.47,0.48
2026-01-15 09:07:14,466,"Bitcoin Up or Down - January 14, 8:15PM-8:30PM ET",price_change,UP,0.1,2070,0.47,0.48
2026-01-15 09:07:19,460,"Bitcoin Up or Down - January 14, 8:15PM-8:30PM ET",price_change,UP,0.1,2070,0.47,0.48
2026-01-15 09:07:20,460,"Bitcoin Up or Down - January 14, 8:15PM-8:30PM ET",price_change,UP,0.1,2060,0.47,0.48
2026-01-15 09:07:21,458,"Bitcoin Up or Down - January 14, 8:15PM-8:30PM ET",price_change,DOWN,0.47,314,0.52,0.53
2026-01-15 09:07:25,454,"Bitcoin Up or Down - January 14, 8:15PM-8:30PM ET",price_change,UP,0.1,2070,0.47,0.48
2026-01-15 09:07:29,450,"Bitcoin Up or Down - January 14, 8:15PM-8:30PM ET",price_change,DOWN,0.52,1470.21,0.52,0.53
2026-01-15 09:07:31,449,"Bitcoin Up or Down - January 14, 8:15PM-8:30PM ET",price_change,UP,0.1,2070,0.47,0.48
2026-01-15 09:07:35,445,"Bitcoin Up or Down - January 14, 8:15PM-8:30PM ET",price_change,UP,0.43,8097,0.47,0.48
2026-01-15 09:07:35,444,"Bitcoin Up or Down - January 14, 8:15PM-8:30PM ET",price_change,DOWN,0.43,2799.4,0.52,0.53
2026-01-15 09:07:37,443,"Bitcoin Up or Down - January 14, 8:15PM-8:30PM ET",price_change,UP,0.1,2070,0.47,0.48
2026-01-15 09:07:40,439,"Bitcoin Up or Down - January 14, 8:15PM-8:30PM ET",price_change,DOWN,0.5,4181.88,0.52,0.53
2026-01-15 09:07:42,437,"Bitcoin Up or Down - January 14, 8:15PM-8:30PM ET",price_change,UP,0.1,2070,0.47,0.48
2026-01-15 09:07:43,437,"Bitcoin Up or Down - January 14, 8:15PM-8:30PM ET",price_change,UP,0.1,2060,0.47,0.48
2026-01-15 09:07:45,435,"Bitcoin Up or Down - January 14, 8:15PM-8:30PM ET",price_change,DOWN,0.52,1460.21,0.52,0.53
2026-01-15 09:07:48,431,"Bitcoin Up or Down - January 14, 8:15PM-8:30PM ET",price_change,UP,0.1,2070,0.47,0.48
2026-01-15 09:07:53,427,"Bitcoin Up or Down - January 14, 8:15PM-8:30PM ET",price_change,DOWN,0.48,379.6,0.52,0.53
2026-01-15 09:07:54,426,"Bitcoin Up or Down - January 14, 8:15PM-8:30PM ET",price_change,UP,0.1,2070,0.47,0.48
2026-01-15 09:07:56,423,"Bitcoin Up or Down - January 14, 8:15PM-8:30PM ET",price_change,DOWN,0.52,1418.54,0.52,0.53
2026-01-15 09:08:00,420,"Bitcoin Up or Down - January 14, 8:15PM-8:30PM ET",price_change,UP,0.1,2070,0.47,0.48
2026-01-15 09:08:01,419,"Bitcoin Up or Down - January 14, 8:15PM-8:30PM ET",price_change,DOWN,0.51,1306.04,0.52,0.53
2026-01-15 09:08:02,417,"Bitcoin Up or Down - January 14, 8:15PM-8:30PM ET",price_change,UP,0.39,1233.8,0.47,0.48
2026-01-15 09:08:05,414,"Bitcoin Up or Down - January 14, 8:15PM-8:30PM ET",price_change,UP,0.1,2070,0.47,0.48
2026-01-15 09:08:06,414,"Bitcoin Up or Down - January 14, 8:15PM-8:30PM ET",price_change,UP,0.1,2060,0.47,0.48
2026-01-15 09:08:11,408,"Bitcoin Up or Down - January 14, 8:15PM-8:30PM ET",price_change,UP,0.1,2070,0.47,0.48
2026-01-15 09:08:17,403,"Bitcoin Up or Down - January 14, 8:15PM-8:30PM ET",price_change,UP,0.1,2070,0.47,0.48
2026-01-15 09:08:23,397,"Bitcoin Up or Down - January 14, 8:15PM-8:30PM ET",price_change,UP,0.47,923.98,0.47,0.48
2026-01-15 09:08:28,391,"Bitcoin Up or Down - January 14, 8:15PM-8:30PM ET",price_change,UP,0.1,2070,0.47,0.48
2026-01-15 09:08:29,391,"Bitcoin Up or Down - January 14, 8:15PM-8:30PM ET",price_change,UP,0.1,2060,0.47,0.48
2026-01-15 09:08:30,390,"Bitcoin Up or Down - January 14, 8:15PM-8:30PM ET",price_change,DOWN,0.5,5288.69,0.52,0.53
2026-01-15 09:08:34,385,"Bitcoin Up or Down - January 14, 8:15PM-8:30PM ET",price_change,UP,0.1,2070,0.47,0.48
2026-01-15 09:08:34,385,"Bitcoin Up or Down - January 14, 8:15PM-8:30PM ET",price_change,DOWN,0.5,4181.88,0.52,0.53
2026-01-15 09:08:40,380,"Bitcoin Up or Down - January 14, 8:15PM-8:30PM ET",price_change,UP,0.1,2070,0.47,0.48
2026-01-15 09:08:45,375,"Bitcoin Up or Down - January 14, 8:15PM-8:30PM ET",price_change,UP,0.4,1893,0.47,0.48
2026-01-15 09:08:46,374,"Bitcoin Up or Down - January 14, 8:15PM-8:30PM ET",price_change,UP,0.1,2070,0.47,0.48
2026-01-15 09:08:46,373,"Bitcoin Up or Down - January 14, 8:15PM-8:30PM ET",price_change,DOWN,0.49,205,0.52,0.53
2026-01-15 09:08:52,368,"Bitcoin Up or Down - January 14, 8:15PM-8:30PM ET",price_change,UP,0.1,2070,0.47,0.48
2026-01-15 09:08:55,364,"Bitcoin Up or Down - January 14, 8:15PM-8:30PM ET",price_change,UP,0.45,5424,0.47,0.48
2026-01-15 09:08:57,362,"Bitcoin Up or Down - January 14, 8:15PM-8:30PM ET",price_change,UP,0.1,2070,0.47,0.48
2026-01-15 09:08:58,362,"Bitcoin Up or Down - January 14, 8:15PM-8:30PM ET",price_change,UP,0.1,2060,0.47,0.48
2026-01-15 09:08:59,361,"Bitcoin Up or Down - January 14, 8:15PM-8:30PM ET",price_change,DOWN,0.52,1428.15,0.52,0.53
2026-01-15 09:09:03,356,"Bitcoin Up or Down - January 14, 8:15PM-8:30PM ET",price_change,UP,0.1,2070,0.47,0.48
2026-01-15 09:09:05,355,"Bitcoin Up or Down - January 14, 8:15PM-8:30PM ET",price_change,UP,0.03,932.31,0.47,0.48
2026-01-15 09:09:06,354,"Bitcoin Up or Down - January 14, 8:15PM-8:30PM ET",price_change,UP,0.4,1893,0.47,0.48
2026-01-15 09:09:06,353,"Bitcoin Up or Down - January 14, 8:15PM-8:30PM ET",price_change,DOWN,0.51,1406.04,0.52,0.53
2026-01-15 09:09:08,352,"Bitcoin Up or Down - January 14, 8:15PM-8:30PM ET",price_change,DOWN,0.51,1506.04,0.52,0.53
2026-01-15 09:09:09,351,"Bitcoin Up or Down - January 14, 8:15PM-8:30PM ET",price_change,UP,0.1,2070,0.47,0.48
2026-01-15 09:09:11,348,"Bitcoin Up or Down - January 14, 8:15PM-8:30PM ET",price_change,DOWN,0.52,1328.15,0.52,0.53
2026-01-15 09:09:12,348,"Bitcoin Up or Down - January 14, 8:15PM-8:30PM ET",price_change,DOWN,0.52,1278.15,0.52,0.53
2026-01-15 09:09:13,346,"Bitcoin Up or Down - January 14, 8:15PM-8:30PM ET",price_change,DOWN,0.51,1516.04,0.52,0.53
2026-01-15 09:09:15,345,"Bitcoin Up or Down - January 14, 8:15PM-8:30PM ET",price_change,UP,0.1,2070,0.47,0.48
2026-01-15 09:09:15,345,"Bitcoin Up or Down - January 14, 8:15PM-8:30PM ET",price_change,DOWN,0.52,888.15,0.52,0.53
2026-01-15 09:09:17,343,"Bitcoin Up or Down - January 14, 8:15PM-8:30PM ET",price_change,DOWN,0.52,893.15,0.52,0.53
2026-01-15 09:09:18,342,"Bitcoin Up or Down - January 14, 8:15PM-8:30PM ET",price_change,DOWN,0.52,888.15,0.52,0.53
2026-01-15 09:09:19,341,"Bitcoin Up or Down - January 14, 8:15PM-8:30PM ET",price_change,DOWN,0.52,921.21,0.52,0.53
2026-01-15 09:09:20,339,"Bitcoin Up or Down - January 14, 8:15PM-8:30PM ET",price_change,UP,0.1,2070,0.47,0.48
2026-01-15 09:09:21,339,"Bitcoin Up or Down - January 14, 8:15PM-8:30PM ET",price_change,UP,0.1,2060,0.47,0.48
2026-01-15 09:09:26,333,"Bitcoin Up or Down - January 14, 8:15PM-8:30PM ET",price_change,UP,0.1,2070,0.47,0.48
2026-01-15 09:09:27,332,"Bitcoin Up or Down - January 14, 8:15PM-8:30PM ET",price_change,DOWN,0.51,1521.04,0.52,0.53
2026-01-15 09:09:31,328,"Bitcoin Up or Down - January 14, 8:15PM-8:30PM ET",price_change,UP,0.25,36,0.47,0.48
2026-01-15 09:09:32,328,"Bitcoin Up or Down - January 14, 8:15PM-8:30PM ET",price_change,UP,0.1,2070,0.47,0.48
2026-01-15 09:09:32,327,"Bitcoin Up or Down - January 14, 8:15PM-8:30PM ET",price_change,DOWN,0.25,75.37,0.52,0.53
2026-01-15 09:09:33,326,"Bitcoin Up or Down - January 14, 8:15PM-8:30PM ET",price_change,UP,0.34,774,0.47,0.48
2026-01-15 09:09:34,325,"Bitcoin Up or Down - January 14, 8:15PM-8:30PM ET",price_change,DOWN,0.34,774,0.52,0.53
2026-01-15 09:09:36,323,"Bitcoin Up or Down - January 14, 8:15PM-8:30PM ET",price_change,UP,0.2,1552,0.47,0.48
2026-01-15 09:09:37,322,"Bitcoin Up or Down - January 14, 8:15PM-8:30PM ET",price_change,DOWN,0.2,1574,0.52,0.53
2026-01-15 09:09:38,322,"Bitcoin Up or Down - January 14, 8:15PM-8:30PM ET",price_change,UP,0.1,2070,0.47,0.48
2026-01-15 09:09:43,316,"Bitcoin Up or Down - January 14, 8:15PM-8:30PM ET",price_change,UP,0.1,2070,0.47,0.48
2026-01-15 09:09:44,316,"Bitcoin Up or Down - January 14, 8:15PM-8:30PM ET",price_change,UP,0.1,2060,0.47,0.48
2026-01-15 09:09:48,312,"Bitcoin Up or Down - January 14, 8:15PM-8:30PM ET",price_change,UP,0.46,1610,0.47,0.48
2026-01-15 09:09:48,312,"Bitcoin Up or Down - January 14, 8:15PM-8:30PM ET",price_change,DOWN,0.46,590,0.52,0.53
2026-01-15 09:09:49,310,"Bitcoin Up or Down - January 14, 8:15PM-8:30PM ET",price_change,UP,0.1,2070,0.47,0.48
2026-01-15 09:09:55,305,"Bitcoin Up or Down - January 14, 8:15PM-8:30PM ET",price_change,UP,0.1,2070,0.47,0.48
2026-01-15 09:10:00,299,"Bitcoin Up or Down - January 14, 8:15PM-8:30PM ET",price_change,DOWN,0.52,879.54,0.52,0.53
2026-01-15 09:10:01,299,"Bitcoin Up or Down - January 14, 8:15PM-8:30PM ET",price_change,UP,0.1,2070,0.47,0.48
2026-01-15 09:10:02,297,"Bitcoin Up or Down - January 14, 8:15PM-8:30PM ET",price_change,UP,0.44,2944,0.47,0.48
2026-01-15 09:10:03,297,"Bitcoin Up or Down - January 14, 8:15PM-8:30PM ET",price_change,DOWN,0.52,884.54,0.52,0.53
2026-01-15 09:10:05,295,"Bitcoin Up or Down - January 14, 8:15PM-8:30PM ET",price_change,UP,0.1,2065,0.47,0.48
2026-01-15 09:10:06,294,"Bitcoin Up or Down - January 14, 8:15PM-8:30PM ET",price_change,DOWN,0.1,2065,0.52,0.53
2026-01-15 09:10:07,293,"Bitcoin Up or Down - January 14, 8:15PM-8:30PM ET",price_change,UP,0.1,2075,0.47,0.48
2026-01-15 09:10:08,292,"Bitcoin Up or Down - January 14, 8:15PM-8:30PM ET",price_change,UP,0.41,2558.82,0.47,0.48
2026-01-15 09:10:08,292,"Bitcoin Up or Down - January 14, 8:15PM-8:30PM ET",price_change,DOWN,0.41,3229.82,0.52,0.53
2026-01-15 09:10:10,290,"Bitcoin Up or Down - January 14, 8:15PM-8:30PM ET",price_change,DOWN,0.52,688.47,0.52,0.53
2026-01-15 09:10:10,290,"Bitcoin Up or Down - January 14, 8:15PM-8:30PM ET",price_change,UP,0.41,2058.82,0.47,0.48
2026-01-15 09:10:12,287,"Bitcoin Up or Down - January 14, 8:15PM-8:30PM ET",price_change,UP,0.1,2075,0.47,0.48
2026-01-15 09:10:13,287,"Bitcoin Up or Down - January 14, 8:15PM-8:30PM ET",price_change,UP,0.1,2065,0.47,0.48
2026-01-15 09:10:16,283,"Bitcoin Up or Down - January 14, 8:15PM-8:30PM ET",price_change,DOWN,0.52,700,0.52,0.53
2026-01-15 09:10:18,281,"Bitcoin Up or Down - January 14, 8:15PM-8:30PM ET",price_change,UP,0.1,2075,0.47,0.48
2026-01-15 09:10:24,276,"Bitcoin Up or Down - January 14, 8:15PM-8:30PM ET",price_change,UP,0.1,2075,0.47,0.48
2026-01-15 09:10:29,271,"Bitcoin Up or Down - January 14, 8:15PM-8:30PM ET",price_change,DOWN,0.52,690.39,0.52,0.53
2026-01-15 09:10:29,270,"Bitcoin Up or Down - January 14, 8:15PM-8:30PM ET",price_change,UP,0.47,907.54,0.47,0.48
2026-01-15 09:10:30,270,"Bitcoin Up or Down - January 14, 8:15PM-8:30PM ET",price_change,UP,0.1,2075,0.47,0.48
2026-01-15 09:10:30,270,"Bitcoin Up or Down - January 14, 8:15PM-8:30PM ET",price_change,DOWN,0.49,195,0.52,0.53
2026-01-15 09:10:35,264,"Bitcoin Up or Down - January 14, 8:15PM-8:30PM ET",price_change,UP,0.1,2075,0.47,0.48
2026-01-15 09:10:35,264,"Bitcoin Up or Down - January 14, 8:15PM-8:30PM ET",price_change,DOWN,0.52,690.39,0.52,0.53
2026-01-15 09:10:36,264,"Bitcoin Up or Down - January 14, 8:15PM-8:30PM ET",price_change,UP,0.1,2065,0.47,0.48
2026-01-15 09:10:41,259,"Bitcoin Up or Down - January 14, 8:15PM-8:30PM ET",price_change,UP,0.47,911.06,0.47,0.48
2026-01-15 09:10:41,259,"Bitcoin Up or Down - January 14, 8:15PM-8:30PM ET",price_change,DOWN,0.49,195,0.52,0.53
2026-01-15 09:10:42,258,"Bitcoin Up or Down - January 14, 8:15PM-8:30PM ET",price_change,UP,0.46,1610,0.47,0.48
2026-01-15 09:10:44,256,"Bitcoin Up or Down - January 14, 8:15PM-8:30PM ET",price_change,DOWN,0.5,4226.68,0.52,0.53
2026-01-15 09:10:47,253,"Bitcoin Up or Down - January 14, 8:15PM-8:30PM ET",price_change,UP,0.1,2075,0.47,0.48
2026-01-15 09:10:52,247,"Bitcoin Up or Down - January 14, 8:15PM-8:30PM ET",price_change,UP,0.47,884.07,0.47,0.48
2026-01-15 09:10:53,247,"Bitcoin Up or Down - January 14, 8:15PM-8:30PM ET",price_change,UP,0.1,2075,0.47,0.48
2026-01-15 09:10:58,241,"Bitcoin Up or Down - January 14, 8:15PM-8:30PM ET",price_change,UP,0.1,2075,0.47,0.48
2026-01-15 09:10:59,241,"Bitcoin Up or Down - January 14, 8:15PM-8:30PM ET",price_change,UP,0.1,2065,0.47,0.48
2026-01-15 09:11:03,237,"Bitcoin Up or Down - January 14, 8:15PM-8:30PM ET",price_change,DOWN,0.22,17.45,0.52,0.53
2026-01-15 09:11:03,237,"Bitcoin Up or Down - January 14, 8:15PM-8:30PM ET",price_change,UP,0.41,2058.82,0.47,0.48
2026-01-15 09:11:04,236,"Bitcoin Up or Down - January 14, 8:15PM-8:30PM ET",price_change,DOWN,0.52,693.89,0.52,0.53
2026-01-15 09:11:04,235,"Bitcoin Up or Down - January 14, 8:15PM-8:30PM ET",price_change,UP,0.1,2075,0.47,0.48
2026-01-15 09:11:05,234,"Bitcoin Up or Down - January 14, 8:15PM-8:30PM ET",price_change,DOWN,0.12,137.33,0.52,0.53
2026-01-15 09:11:06,234,"Bitcoin Up or Down - January 14, 8:15PM-8:30PM ET",price_change,DOWN,0.22,28.35,0.52,0.53
2026-01-15 09:11:08,232,"Bitcoin Up or Down - January 14, 8:15PM-8:30PM ET",price_change,UP,0.45,4624,0.47,0.48
2026-01-15 09:11:08,232,"Bitcoin Up or Down - January 14, 8:15PM-8:30PM ET",price_change,DOWN,0.42,1800,0.52,0.53
2026-01-15 09:11:09,231,"Bitcoin Up or Down - January 14, 8:15PM-8:30PM ET",price_change,DOWN,0.12,150.66,0.52,0.53
2026-01-15 09:11:09,231,"Bitcoin Up or Down - January 14, 8:15PM-8:30PM ET",price_change,UP,0.47,3884.07,0.47,0.48
2026-01-15 09:11:10,230,"Bitcoin Up or Down - January 14, 8:15PM-8:30PM ET",price_change,UP,0.1,2075,0.47,0.48
2026-01-15 09:11:11,228,"Bitcoin Up or Down - January 14, 8:15PM-8:30PM ET",price_change,DOWN,0.08,87.5,0.52,0.53
2026-01-15 09:11:12,228,"Bitcoin Up or Down - January 14, 8:15PM-8:30PM ET",price_change,UP,0.22,26.08,0.47,0.48
2026-01-15 09:11:12,227,"Bitcoin Up or Down - January 14, 8:15PM-8:30PM ET",price_change,DOWN,0.08,137.5,0.52,0.53
2026-01-15 09:11:13,227,"Bitcoin Up or Down - January 14, 8:15PM-8:30PM ET",price_change,DOWN,0.52,683.89,0.52,0.53
2026-01-15 09:11:13,227,"Bitcoin Up or Down - January 14, 8:15PM-8:30PM ET",price_change,UP,0.12,157.33,0.47,0.48
2026-01-15 09:11:14,226,"Bitcoin Up or Down - January 14, 8:15PM-8:30PM ET",price_change,UP,0.46,1610,0.47,0.48
2026-01-15 09:11:15,225,"Bitcoin Up or Down - January 14, 8:15PM-8:30PM ET",price_change,UP,0.22,31.53,0.47,0.48
2026-01-15 09:11:16,224,"Bitcoin Up or Down - January 14, 8:15PM-8:30PM ET",price_change,UP,0.1,2075,0.47,0.48
2026-01-15 09:11:16,223,"Bitcoin Up or Down - January 14, 8:15PM-8:30PM ET",price_change,DOWN,0.52,689.89,0.52,0.53
2026-01-15 09:11:17,222,"Bitcoin Up or Down - January 14, 8:15PM-8:30PM ET",price_change,UP,0.08,125,0.47,0.48
2026-01-15 09:11:18,222,"Bitcoin Up or Down - January 14, 8:15PM-8:30PM ET",price_change,UP,0.12,183.99,0.47,0.48
2026-01-15 09:11:20,219,"Bitcoin Up or Down - January 14, 8:15PM-8:30PM ET",price_change,UP,0.08,150,0.47,0.48
2026-01-15 09:11:21,219,"Bitcoin Up or Down - January 14, 8:15PM-8:30PM ET",price_change,DOWN,0.22,41.98,0.52,0.53
2026-01-15 09:11:21,218,"Bitcoin Up or Down - January 14, 8:15PM-8:30PM ET",price_change,UP,0.12,210.65,0.47,0.48
2026-01-15 09:11:22,218,"Bitcoin Up or Down - January 14, 8:15PM-8:30PM ET",price_change,UP,0.1,2075,0.47,0.48
2026-01-15 09:11:22,217,"Bitcoin Up or Down - January 14, 8:15PM-8:30PM ET",price_change,DOWN,0.22,47.43,0.52,0.53
2026-01-15 09:11:24,216,"Bitcoin Up or Down - January 14, 8:15PM-8:30PM ET",price_change,DOWN,0.12,197.32,0.52,0.53
2026-01-15 09:11:25,215,"Bitcoin Up or Down - January 14, 8:15PM-8:30PM ET",price_change,UP,0.08,200,0.47,0.48
2026-01-15 09:11:26,214,"Bitcoin Up or Down - January 14, 8:15PM-8:30PM ET",price_change,DOWN,0.12,210.65,0.52,0.53
2026-01-15 09:11:27,212,"Bitcoin Up or Down - January 14, 8:15PM-8:30PM ET",price_change,DOWN,0.08,175,0.52,0.53
2026-01-15 09:11:27,212,"Bitcoin Up or Down - January 14, 8:15PM-8:30PM ET",price_change,UP,0.1,2075,0.47,0.48
2026-01-15 09:11:28,212,"Bitcoin Up or Down - January 14, 8:15PM-8:30PM ET",price_change,UP,0.1,2065,0.47,0.48
2026-01-15 09:11:29,210,"Bitcoin Up or Down - January 14, 8:15PM-8:30PM ET",price_change,DOWN,0.08,200,0.52,0.53
2026-01-15 09:11:31,208,"Bitcoin Up or Down - January 14, 8:15PM-8:30PM ET",price_change,UP,0.47,3808.59,0.47,0.48
2026-01-15 09:11:33,207,"Bitcoin Up or Down - January 14, 8:15PM-8:30PM ET",price_change,UP,0.45,4629,0.47,0.48
2026-01-15 09:11:38,202,"Bitcoin Up or Down - January 14, 8:15PM-8:30PM ET",price_change,UP,0.47,3798.59,0.47,0.48
2026-01-15 09:11:39,201,"Bitcoin Up or Down - January 14, 8:15PM-8:30PM ET",price_change,UP,0.1,2075,0.47,0.48
2026-01-15 09:11:43,196,"Bitcoin Up or Down - January 14, 8:15PM-8:30PM ET",price_change,UP,0.41,2564.82,0.47,0.48
2026-01-15 09:11:44,196,"Bitcoin Up or Down - January 14, 8:15PM-8:30PM ET",price_change,UP,0.41,2558.82,0.47,0.48
2026-01-15 09:11:45,195,"Bitcoin Up or Down - January 14, 8:15PM-8:30PM ET",price_change,UP,0.1,2075,0.47,0.48
2026-01-15 09:11:46,194,"Bitcoin Up or Down - January 14, 8:15PM-8:30PM ET",price_change,UP,0.41,2558.82,0.47,0.48
2026-01-15 09:11:47,193,"Bitcoin Up or Down - January 14, 8:15PM-8:30PM ET",price_change,UP,0.41,2564.82,0.47,0.48
2026-01-15 09:11:48,192,"Bitcoin Up or Down - January 14, 8:15PM-8:30PM ET",price_change,UP,0.41,2564.82,0.47,0.48
2026-01-15 09:11:49,191,"Bitcoin Up or Down - January 14, 8:15PM-8:30PM ET",price_change,UP,0.41,2558.82,0.47,0.48
2026-01-15 09:11:49,190,"Bitcoin Up or Down - January 14, 8:15PM-8:30PM ET",price_change,DOWN,0.52,648.22,0.52,0.53
2026-01-15 09:11:50,190,"Bitcoin Up or Down - January 14, 8:15PM-8:30PM ET",price_change,UP,0.41,2558.82,0.47,0.48
2026-01-15 09:11:50,190,"Bitcoin Up or Down - January 14, 8:15PM-8:30PM ET",price_change,DOWN,0.52,643.22,0.52,0.53
2026-01-15 09:11:51,189,"Bitcoin Up or Down - January 14, 8:15PM-8:30PM ET",price_change,UP,0.1,2065,0.47,0.48
2026-01-15 09:11:52,188,"Bitcoin Up or Down - January 14, 8:15PM-8:30PM ET",price_change,UP,0.41,2564.82,0.47,0.48
2026-01-15 09:11:53,187,"Bitcoin Up or Down - January 14, 8:15PM-8:30PM ET",price_change,UP,0.41,2564.82,0.47,0.48
2026-01-15 09:11:53,187,"Bitcoin Up or Down - January 14, 8:15PM-8:30PM ET",price_change,DOWN,0.48,884.6,0.52,0.53
2026-01-15 09:11:54,186,"Bitcoin Up or Down - January 14, 8:15PM-8:30PM ET",price_change,UP,0.41,2564.82,0.47,0.48
2026-01-15 09:11:55,185,"Bitcoin Up or Down - January 14, 8:15PM-8:30PM ET",price_change,UP,0.41,2564.82,0.47,0.48
2026-01-15 09:11:56,184,"Bitcoin Up or Down - January 14, 8:15PM-8:30PM ET",price_change,UP,0.41,2558.82,0.47,0.48
2026-01-15 09:11:57,183,"Bitcoin Up or Down - January 14, 8:15PM-8:30PM ET",price_change,UP,0.41,2564.82,0.47,0.48
2026-01-15 09:11:58,182,"Bitcoin Up or Down - January 14, 8:15PM-8:30PM ET",price_change,UP,0.41,2558.82,0.47,0.48
2026-01-15 09:11:59,181,"Bitcoin Up or Down - January 14, 8:15PM-8:30PM ET",price_change,UP,0.41,2558.82,0.47,0.48
2026-01-15 09:12:00,180,"Bitcoin Up or Down - January 14, 8:15PM-8:30PM ET",price_change,UP,0.41,2558.82,0.47,0.48
2026-01-15 09:12:01,179,"Bitcoin Up or Down - January 14, 8:15PM-8:30PM ET",price_change,UP,0.41,2558.82,0.47,0.48
2026-01-15 09:12:02,178,"Bitcoin Up or Down - January 14, 8:15PM-8:30PM ET",price_change,UP,0.41,2558.82,0.47,0.48
2026-01-15 09:12:03,177,"Bitcoin Up or Down - January 14, 8:15PM-8:30PM ET",price_change,UP,0.41,2558.82,0.47,0.48
2026-01-15 09:12:04,176,"Bitcoin Up or Down - January 14, 8:15PM-8:30PM ET",price_change,UP,0.41,2564.82,0.47,0.48
2026-01-15 09:12:05,175,"Bitcoin Up or Down - January 14, 8:15PM-8:30PM ET",price_change,UP,0.41,2564.82,0.47,0.48
2026-01-15 09:12:06,174,"Bitcoin Up or Down - January 14, 8:15PM-8:30PM ET",price_change,UP,0.41,2558.82,0.47,0.48
2026-01-15 09:12:07,173,"Bitcoin Up or Down - January 14, 8:15PM-8:30PM ET",price_change,UP,0.41,2558.82,0.47,0.48
2026-01-15 09:12:08,172,"Bitcoin Up or Down - January 14, 8:15PM-8:30PM ET",price_change,UP,0.41,2558.82,0.47,0.48
2026-01-15 09:12:09,171,"Bitcoin Up or Down - January 14, 8:15PM-8:30PM ET",price_change,UP,0.41,2564.82,0.47,0.48
2026-01-15 09:12:10,170,"Bitcoin Up or Down - January 14, 8:15PM-8:30PM ET",price_change,UP,0.41,2564.82,0.47,0.48
2026-01-15 09:12:10,169,"Bitcoin Up or Down - January 14, 8:15PM-8:30PM ET",price_change,DOWN,0.46,1769,0.52,0.53
2026-01-15 09:12:11,169,"Bitcoin Up or Down - January 14, 8:15PM-8:30PM ET",price_change,UP,0.41,2558.82,0.47,0.48
2026-01-15 09:12:12,168,"Bitcoin Up or Down - January 14, 8:15PM-8:30PM ET",price_change,UP,0.41,2558.82,0.47,0.48
2026-01-15 09:12:13,167,"Bitcoin Up or Down - January 14, 8:15PM-8:30PM ET",price_change,UP,0.41,2564.82,0.47,0.48
2026-01-15 09:12:14,166,"Bitcoin Up or Down - January 14, 8:15PM-8:30PM ET",price_change,UP,0.41,2564.82,0.47,0.48
2026-01-15 09:12:14,166,"Bitcoin Up or Down - January 14, 8:15PM-8:30PM ET",price_change,DOWN,0.52,622.38,0.52,0.53
2026-01-15 09:12:15,165,"Bitcoin Up or Down - January 14, 8:15PM-8:30PM ET",price_change,UP,0.41,2558.82,0.47,0.48
2026-01-15 09:12:16,164,"Bitcoin Up or Down - January 14, 8:15PM-8:30PM ET",price_change,UP,0.41,2558.82,0.47,0.48
2026-01-15 09:12:17,162,"Bitcoin Up or Down - January 14, 8:15PM-8:30PM ET",price_change,UP,0.41,2564.82,0.47,0.48
2026-01-15 09:12:18,162,"Bitcoin Up or Down - January 14, 8:15PM-8:30PM ET",price_change,DOWN,0.45,5213,0.52,0.53
2026-01-15 09:12:18,162,"Bitcoin Up or Down - January 14, 8:15PM-8:30PM ET",price_change,UP,0.45,4624,0.47,0.48
2026-01-15 09:12:19,161,"Bitcoin Up or Down - January 14, 8:15PM-8:30PM ET",price_change,UP,0.41,2558.82,0.47,0.48
2026-01-15 09:12:20,160,"Bitcoin Up or Down - January 14, 8:15PM-8:30PM ET",price_change,UP,0.1,2065,0.47,0.48
2026-01-15 09:12:20,160,"Bitcoin Up or Down - January 14, 8:15PM-8:30PM ET",price_change,DOWN,0.33,90,0.52,0.53
2026-01-15 09:12:21,159,"Bitcoin Up or Down - January 14, 8:15PM-8:30PM ET",price_change,UP,0.41,2558.82,0.47,0.48
2026-01-15 09:12:21,158,"Bitcoin Up or Down - January 14, 8:15PM-8:30PM ET",price_change,DOWN,0.52,601.54,0.52,0.53
2026-01-15 09:12:22,158,"Bitcoin Up or Down - January 14, 8:15PM-8:30PM ET",price_change,UP,0.41,2558.82,0.47,0.48
2026-01-15 09:12:23,157,"Bitcoin Up or Down - January 14, 8:15PM-8:30PM ET",price_change,UP,0.41,2564.82,0.47,0.48
2026-01-15 09:12:24,156,"Bitcoin Up or Down - January 14, 8:15PM-8:30PM ET",price_change,UP,0.41,2558.82,0.47,0.48
2026-01-15 09:12:25,155,"Bitcoin Up or Down - January 14, 8:15PM-8:30PM ET",price_change,UP,0.41,2564.82,0.47,0.48
2026-01-15 09:12:26,154,"Bitcoin Up or Down - January 14, 8:15PM-8:30PM ET",price_change,UP,0.41,2558.82,0.47,0.48
2026-01-15 09:12:27,153,"Bitcoin Up or Down - January 14, 8:15PM-8:30PM ET",price_change,UP,0.41,2558.82,0.47,0.48
2026-01-15 09:12:28,152,"Bitcoin Up or Down - January 14, 8:15PM-8:30PM ET",price_change,UP,0.41,2558.82,0.47,0.48
2026-01-15 09:12:28,151,"Bitcoin Up or Down - January 14, 8:15PM-8:30PM ET",price_change,DOWN,0.52,580.7,0.52,0.53
2026-01-15 09:12:29,151,"Bitcoin Up or Down - January 14, 8:15PM-8:30PM ET",price_change,UP,0.41,2058.82,0.47,0.48
2026-01-15 09:12:30,150,"Bitcoin Up or Down - January 14, 8:15PM-8:30PM ET",price_change,UP,0.41,2064.82,0.47,0.48
2026-01-15 09:12:31,149,"Bitcoin Up or Down - January 14, 8:15PM-8:30PM ET",price_change,UP,0.41,2058.82,0.47,0.48
2026-01-15 09:12:32,148,"Bitcoin Up or Down - January 14, 8:15PM-8:30PM ET",price_change,UP,0.41,2058.82,0.47,0.48
2026-01-15 09:13:01,119,"Bitcoin Up or Down - January 14, 8:45PM-9:00PM ET",price_change,UP,0.46,917,0.5,0.51
2026-01-15 09:13:01,119,"Bitcoin Up or Down - January 14, 8:45PM-9:00PM ET",price_change,DOWN,0.46,917,0.49,0.5
2026-01-15 09:14:01,59,"Bitcoin Up or Down - January 14, 9:15PM-9:30PM ET",price_change,UP,0.48,1611,0.5,0.51
2026-01-15 09:14:01,59,"Bitcoin Up or Down - January 14, 9:15PM-9:30PM ET",price_change,DOWN,0.46,1166,0.49,0.5
2026-01-15 09:15:23,876,"Bitcoin Up or Down - January 14, 10:00PM-10:15PM ET",price_change,UP,0.49,1681,0.5,0.51
2026-01-15 09:15:24,876,"Bitcoin Up or Down - January 14, 10:00PM-10:15PM ET",price_change,DOWN,0.49,1681,0.49,0.5
2026-01-15 09:20:35,565,"Bitcoin Up or Down - January 15, 1:15AM-1:30AM ET",price_change,UP,0.15,2006,0.49,0.5
2026-01-15 09:20:36,563,"Bitcoin Up or Down - January 15, 1:15AM-1:30AM ET",price_change,DOWN,0.1,2006,0.5,0.51
2026-01-15 09:20:37,563,"Bitcoin Up or Down - January 15, 1:15AM-1:30AM ET",price_change,DOWN,0.15,2006,0.5,0.51
